Timestamp,Action,Symbol,Price,Lot_Size,Magic_Number,Result
2026-06-03T16:42:14.426293,SELL,US500,7605.9,1.0,777777,FAILED: 10027
2026-06-03T16:42:25.191643,BUY,US500,7606.5,1.0,777777,FAILED: 10027
2026-06-03T16:42:26.114672,BUY,US500,7606.6,1.0,777777,FAILED: 10027
2026-06-03T16:42:27.258709,BUY,US500,7606.9,1.0,777777,FAILED: 10027
2026-06-03T16:42:29.776789,BUY,US500,7607.1,1.0,777777,FAILED: 10027
2026-06-03T16:42:30.440810,SELL,US500,7606.5,1.0,777777,FAILED: 10027
2026-06-03T16:42:32.711882,BUY,US500,7607.1,1.0,777777,FAILED: 10027
2026-06-03T16:42:33.958921,SELL,US500,7606.4,1.0,777777,FAILED: 10027
2026-06-03T16:42:39.174085,SELL,US500,7606.2,1.0,777777,FAILED: 10027
2026-06-03T16:42:39.396091,SELL,US500,7606.1,1.0,777777,FAILED: 10027
2026-06-03T16:42:45.252272,BUY,US500,7606.7,1.0,777777,FAILED: 10027
2026-06-03T16:42:45.563282,SELL,US500,7606.1,1.0,777777,FAILED: 10027
2026-06-03T16:42:51.679468,BUY,US500,7606.7,1.0,777777,FAILED: 10027
2026-06-03T16:42:52.003478,BUY,US500,7606.9,1.0,777777,FAILED: 10027
2026-06-03T16:42:52.741500,SELL,US500,7606.2,1.0,777777,FAILED: 10027
2026-06-03T16:42:53.387519,SELL,US500,7606.1,1.0,777777,FAILED: 10027
2026-06-03T16:43:01.958774,SELL,US500,7605.9,1.0,777777,FAILED: 10027
2026-06-03T16:43:03.111808,BUY,US500,7606.5,1.0,777777,FAILED: 10027
2026-06-03T16:43:03.220812,BUY,US500,7606.6,1.0,777777,FAILED: 10027
2026-06-03T16:43:05.934891,SELL,US500,7605.9,1.0,777777,FAILED: 10027
2026-06-03T16:43:06.360904,BUY,US500,7606.6,1.0,777777,FAILED: 10027
2026-06-03T16:43:06.985922,SELL,US500,7606.0,1.0,777777,FAILED: 10027
2026-06-03T16:43:07.093925,SELL,US500,7605.9,1.0,777777,FAILED: 10027
2026-06-03T16:43:09.091983,BUY,US500,7606.6,1.0,777777,FAILED: 10027
2026-06-03T16:43:09.625999,SELL,US500,7606.0,1.0,777777,FAILED: 10027
2026-06-03T16:43:09.855005,SELL,US500,7605.9,1.0,777777,FAILED: 10027
2026-06-03T16:43:14.407136,BUY,US500,7606.6,1.0,777777,FAILED: 10027
2026-06-03T16:43:21.923350,BUY,US500,7606.9,1.0,777777,FAILED: 10027
2026-06-03T16:43:25.159440,SELL,US500,7606.2,1.0,777777,FAILED: 10027
2026-06-03T16:43:25.278444,BUY,US500,7607.1,1.0,777777,FAILED: 10027
2026-06-03T16:43:25.602453,SELL,US500,7606.5,1.0,777777,FAILED: 10027
2026-06-03T16:43:26.021464,SELL,US500,7606.4,1.0,777777,FAILED: 10027
2026-06-03T16:43:29.765568,SELL,US500,7606.1,1.0,777777,FAILED: 10027
2026-06-03T16:43:35.638729,SELL,US500,7605.9,1.0,777777,FAILED: 10027
2026-06-03T16:43:42.579917,SELL,US500,7605.6,1.0,777777,FAILED: 10027
2026-06-03T16:43:42.907926,BUY,US500,7606.4,1.0,777777,FAILED: 10027
2026-06-03T16:43:47.846057,SELL,US500,7605.6,1.0,777777,FAILED: 10027
2026-06-03T16:43:48.180066,BUY,US500,7606.2,1.0,777777,FAILED: 10027
2026-06-03T16:43:49.963113,BUY,US500,7606.4,1.0,777777,FAILED: 10027
2026-06-03T16:44:00.126377,SELL,US500,7605.7,1.0,777777,FAILED: 10027
2026-06-03T16:44:00.456386,BUY,US500,7606.4,1.0,777777,FAILED: 10027
2026-06-03T16:44:05.659519,SELL,US500,7605.6,1.0,777777,FAILED: 10027
2026-06-03T16:44:07.965577,BUY,US500,7606.4,1.0,777777,FAILED: 10027
2026-06-03T16:44:08.086580,SELL,US500,7605.7,1.0,777777,FAILED: 10027
2026-06-03T16:44:08.935602,SELL,US500,7605.6,1.0,777777,FAILED: 10027
2026-06-03T16:44:09.042604,BUY,US500,7606.2,1.0,777777,FAILED: 10027
2026-06-03T16:44:10.203633,BUY,US500,7606.4,1.0,777777,FAILED: 10027
2026-06-03T16:44:10.537642,SELL,US500,7605.6,1.0,777777,FAILED: 10027
2026-06-03T16:44:10.960652,BUY,US500,7606.4,1.0,777777,FAILED: 10027
2026-06-03T16:44:17.220808,BUY,US500,7606.5,1.0,777777,FAILED: 10027
2026-06-03T16:44:17.345811,SELL,US500,7605.9,1.0,777777,FAILED: 10027
2026-06-03T16:44:17.660819,BUY,US500,7606.6,1.0,777777,FAILED: 10027
2026-06-03T16:44:17.792822,SELL,US500,7606.0,1.0,777777,FAILED: 10027
2026-06-03T16:44:18.059829,BUY,US500,7606.6,1.0,777777,FAILED: 10027
2026-06-03T16:44:27.297054,BUY,US500,7606.7,1.0,777777,FAILED: 10027
2026-06-03T16:44:27.409056,SELL,US500,7606.1,1.0,777777,FAILED: 10027
2026-06-03T16:44:35.474248,SELL,US500,7606.0,1.0,777777,FAILED: 10027
2026-06-03T16:44:35.710254,BUY,US500,7606.6,1.0,777777,FAILED: 10027
2026-06-03T16:44:48.532552,SELL,US500,7606.0,1.0,777777,FAILED: 10017
2026-06-03T16:44:49.695578,BUY,US500,7606.6,1.0,777777,FAILED: 10017
2026-06-03T16:44:51.086610,SELL,US500,7606.0,1.0,777777,FAILED: 10017
2026-06-03T16:44:51.830627,BUY,US500,7606.6,1.0,777777,FAILED: 10017
2026-06-03T16:44:52.371639,SELL,US500,7605.9,1.0,777777,FAILED: 10017
2026-06-03T16:44:53.615667,BUY,US500,7606.6,1.0,777777,FAILED: 10017
2026-06-03T16:44:55.915719,SELL,US500,7605.9,1.0,777777,FAILED: 10017
2026-06-03T16:44:57.015744,BUY,US500,7606.5,1.0,777777,FAILED: 10017
2026-06-03T16:44:57.229749,BUY,US500,7606.6,1.0,777777,FAILED: 10017
2026-06-03T16:45:16.479169,SELL,US500,7605.9,1.0,777777,FAILED: 10017
2026-06-03T16:45:28.533423,BUY,US500,7606.6,1.0,777777,FAILED: 10017
2026-06-03T16:45:32.447504,SELL,US500,7605.9,1.0,777777,FAILED: 10017
2026-06-03T16:45:32.766510,BUY,US500,7606.6,1.0,777777,FAILED: 10017
2026-06-03T16:45:36.443585,SELL,US500,7605.9,1.0,777777,FAILED: 10017
2026-06-03T16:45:38.131619,SELL,US500,7605.7,1.0,777777,FAILED: 10017
2026-06-03T16:45:38.340624,BUY,US500,7606.4,1.0,777777,FAILED: 10017
2026-06-03T16:45:38.565628,SELL,US500,7605.7,1.0,777777,FAILED: 10017
2026-06-03T16:45:38.778633,BUY,US500,7606.4,1.0,777777,FAILED: 10017
2026-06-03T16:45:42.109699,BUY,US500,7606.5,1.0,777777,FAILED: 10017
2026-06-03T16:45:42.419706,BUY,US500,7606.6,1.0,777777,FAILED: 10017
2026-06-03T16:45:43.271723,BUY,US500,7606.7,1.0,777777,FAILED: 10017
2026-06-03T16:45:43.582729,BUY,US500,7606.9,1.0,777777,FAILED: 10017
2026-06-03T16:45:44.125740,SELL,US500,7606.2,1.0,777777,FAILED: 10017
2026-06-03T16:45:44.341744,BUY,US500,7606.9,1.0,777777,FAILED: 10017
2026-06-03T16:45:44.662750,SELL,US500,7606.2,1.0,777777,FAILED: 10017
2026-06-03T16:45:45.177761,SELL,US500,7606.1,1.0,777777,FAILED: 10017
2026-06-03T16:45:45.845774,BUY,US500,7606.6,1.0,777777,FAILED: 10017
2026-06-03T16:45:45.953776,SELL,US500,7606.1,1.0,777777,FAILED: 10017
2026-06-03T16:45:46.061778,BUY,US500,7606.7,1.0,777777,FAILED: 10017
2026-06-03T16:45:46.342784,BUY,US500,7606.9,1.0,777777,FAILED: 10017
2026-06-03T16:46:04.282131,SELL,US500,7606.2,1.0,777777,FAILED: 10017
2026-06-03T16:46:04.513136,BUY,US500,7606.9,1.0,777777,FAILED: 10017
2026-06-03T16:46:05.038146,SELL,US500,7606.1,1.0,777777,FAILED: 10017
2026-06-03T16:46:05.266150,BUY,US500,7606.9,1.0,777777,FAILED: 10017
2026-06-03T16:46:06.374171,SELL,US500,7606.1,1.0,777777,FAILED: 10017
2026-06-03T16:46:07.521192,BUY,US500,7606.9,1.0,777777,FAILED: 10017
2026-06-03T16:46:07.628194,SELL,US500,7606.1,1.0,777777,FAILED: 10017
2026-06-03T16:46:08.066203,BUY,US500,7606.7,1.0,777777,FAILED: 10017
2026-06-03T16:46:08.593212,BUY,US500,7606.9,1.0,777777,FAILED: 10017
2026-06-03T16:46:08.920219,SELL,US500,7606.1,1.0,777777,FAILED: 10017
2026-06-03T16:46:09.845236,BUY,US500,7606.7,1.0,777777,FAILED: 10017
2026-06-03T16:46:10.284244,SELL,US500,7606.1,1.0,777777,FAILED: 10017
2026-06-03T16:46:10.698252,BUY,US500,7606.9,1.0,777777,FAILED: 10017
2026-06-03T16:46:12.081277,SELL,US500,7606.1,1.0,777777,FAILED: 10017
2026-06-03T16:46:12.371283,BUY,US500,7606.7,1.0,777777,FAILED: 10017
2026-06-03T16:46:12.478285,BUY,US500,7606.9,1.0,777777,FAILED: 10017
2026-06-03T16:48:18.226270,BUY,EURUSD,1.16181,1.0,777777,FAILED: 10030
2026-06-03T16:48:18.675276,SELL,EURUSD,1.16178,1.0,777777,FAILED: 10030
2026-06-03T16:48:19.198283,BUY,EURUSD,1.16181,1.0,777777,FAILED: 10030
2026-06-03T16:48:19.952293,SELL,EURUSD,1.16178,1.0,777777,FAILED: 10030
2026-06-03T16:48:20.506300,BUY,EURUSD,1.16183,1.0,777777,FAILED: 10030
2026-06-03T16:48:20.613302,BUY,EURUSD,1.16185,1.0,777777,FAILED: 10030
2026-06-03T16:48:20.741303,BUY,EURUSD,1.16186,1.0,777777,FAILED: 10030
2026-06-03T16:48:20.864305,BUY,EURUSD,1.16187,1.0,777777,FAILED: 10030
2026-06-03T16:48:21.809317,SELL,EURUSD,1.16184,1.0,777777,FAILED: 10030
2026-06-03T16:48:21.920319,BUY,EURUSD,1.16187,1.0,777777,FAILED: 10030
2026-06-03T16:48:27.401390,SELL,EURUSD,1.16184,1.0,777777,FAILED: 10030
2026-06-03T16:48:27.736395,SELL,EURUSD,1.16182,1.0,777777,FAILED: 10030
2026-06-03T16:48:28.165400,SELL,EURUSD,1.16181,1.0,777777,FAILED: 10030
2026-06-03T16:48:29.851422,BUY,EURUSD,1.16184,1.0,777777,FAILED: 10030
2026-06-03T16:48:38.375530,SELL,EURUSD,1.16181,1.0,777777,FAILED: 10030
2026-06-03T16:48:56.010745,BUY,EURUSD,1.16184,1.0,777777,FAILED: 10030
2026-06-03T16:48:57.256760,BUY,EURUSD,1.16185,1.0,777777,FAILED: 10030
2026-06-03T16:48:57.885767,SELL,EURUSD,1.16182,1.0,777777,FAILED: 10030
2026-06-03T16:48:59.323784,BUY,EURUSD,1.16185,1.0,777777,FAILED: 10030
2026-06-03T16:49:06.856872,BUY,EURUSD,1.16187,1.0,777777,FAILED: 10030
2026-06-03T16:49:11.286923,SELL,EURUSD,1.16184,1.0,777777,FAILED: 10030
2026-06-03T16:49:11.805929,SELL,EURUSD,1.16183,1.0,777777,FAILED: 10030
2026-06-03T16:49:15.617972,BUY,EURUSD,1.16188,1.0,777777,FAILED: 10030
2026-06-03T16:49:20.776030,BUY,EURUSD,1.16189,1.0,777777,FAILED: 10030
2026-06-03T16:49:30.045131,SELL,EURUSD,1.16186,1.0,777777,FAILED: 10030
2026-06-03T16:49:32.232154,BUY,EURUSD,1.16189,1.0,777777,FAILED: 10030
2026-06-03T16:49:34.575179,SELL,EURUSD,1.16186,1.0,777777,FAILED: 10030
2026-06-03T16:49:41.668254,BUY,EURUSD,1.16189,1.0,777777,FAILED: 10030
2026-06-03T16:49:45.079289,SELL,EURUSD,1.16186,1.0,777777,FAILED: 10030
2026-06-03T16:49:46.865307,BUY,EURUSD,1.16189,1.0,777777,FAILED: 10030
2026-06-03T16:49:57.930419,BUY,EURUSD,1.1619,1.0,777777,FAILED: 10030
2026-06-03T16:49:58.152421,BUY,EURUSD,1.16191,1.0,777777,FAILED: 10030
2026-06-03T16:50:02.170460,BUY,EURUSD,1.16192,1.0,777777,FAILED: 10030
2026-06-03T16:50:02.322462,BUY,EURUSD,1.16194,1.0,777777,FAILED: 10030
2026-06-03T16:50:03.286471,SELL,EURUSD,1.16191,1.0,777777,FAILED: 10030
2026-06-03T16:50:05.115489,SELL,EURUSD,1.1619,1.0,777777,FAILED: 10030
2026-06-03T16:50:07.738514,BUY,EURUSD,1.16193,1.0,777777,FAILED: 10030
2026-06-03T16:50:08.845525,SELL,EURUSD,1.1619,1.0,777777,FAILED: 10030
2026-06-03T16:50:09.057527,BUY,EURUSD,1.16193,1.0,777777,FAILED: 10030
2026-06-03T16:50:10.091537,SELL,EURUSD,1.1619,1.0,777777,FAILED: 10030
2026-06-03T16:50:10.604542,BUY,EURUSD,1.16193,1.0,777777,FAILED: 10030
2026-06-03T16:50:14.122575,SELL,EURUSD,1.1619,1.0,777777,FAILED: 10030
2026-06-03T16:50:18.368615,BUY,EURUSD,1.16193,1.0,777777,FAILED: 10030
2026-06-03T16:50:20.282632,BUY,EURUSD,1.16194,1.0,777777,FAILED: 10030
2026-06-03T16:51:05.646022,BUY,EURUSD,1.16192,1.0,777777,SUCCESS: 56915848542
2026-06-03T16:51:05.987024,SELL,EURUSD,1.1619,1.0,777777,SUCCESS: 56915848709
2026-06-03T16:51:06.321027,BUY,EURUSD,1.16191,1.0,777777,SUCCESS: 56915848807
2026-06-03T16:51:06.754031,SELL,EURUSD,1.16192,1.0,777777,SUCCESS: 56915848931
2026-06-03T16:51:07.084033,BUY,EURUSD,1.16194,1.0,777777,SUCCESS: 56915849011
2026-06-03T16:51:07.470036,SELL,EURUSD,1.16192,1.0,777777,SUCCESS: 56915849132
2026-06-03T16:51:07.842039,BUY,EURUSD,1.16194,1.0,777777,SUCCESS: 56915849324
2026-06-03T16:51:08.184042,SELL,EURUSD,1.16192,1.0,777777,SUCCESS: 56915849485
2026-06-03T16:51:08.519044,BUY,EURUSD,1.16193,1.0,777777,SUCCESS: 56915849587
2026-06-03T16:51:08.850047,SELL,EURUSD,1.1619,1.0,777777,SUCCESS: 56915849680
2026-06-03T16:51:09.228050,BUY,EURUSD,1.16193,1.0,777777,SUCCESS: 56915849774
2026-06-03T16:51:09.642053,SELL,EURUSD,1.16191,1.0,777777,SUCCESS: 56915849861
2026-06-03T16:51:09.979056,BUY,EURUSD,1.16193,1.0,777777,SUCCESS: 56915849968
2026-06-03T16:51:10.310059,SELL,EURUSD,1.1619,1.0,777777,SUCCESS: 56915850061
2026-06-03T16:51:10.804062,BUY,EURUSD,1.16192,1.0,777777,SUCCESS: 56915850179
2026-06-03T16:51:11.216066,SELL,EURUSD,1.1619,1.0,777777,SUCCESS: 56915850357
2026-06-03T16:51:11.598069,BUY,EURUSD,1.16192,1.0,777777,SUCCESS: 56915850450
2026-06-03T16:51:11.992072,SELL,EURUSD,1.1619,1.0,777777,SUCCESS: 56915850605
2026-06-03T16:51:12.665077,BUY,EURUSD,1.16192,1.0,777777,SUCCESS: 56915850773
2026-06-03T16:51:13.044080,SELL,EURUSD,1.16189,1.0,777777,SUCCESS: 56915850985
2026-06-03T16:51:13.447083,BUY,EURUSD,1.16191,1.0,777777,SUCCESS: 56915851209
2026-06-03T16:51:13.825086,SELL,EURUSD,1.16191,1.0,777777,SUCCESS: 56915851480
2026-06-03T16:51:14.179089,BUY,EURUSD,1.16193,1.0,777777,SUCCESS: 56915851748
2026-06-03T16:51:14.523091,SELL,EURUSD,1.16191,1.0,777777,SUCCESS: 56915851896
2026-06-03T16:51:14.967095,BUY,EURUSD,1.16193,1.0,777777,SUCCESS: 56915852013
2026-06-03T16:51:15.330098,SELL,EURUSD,1.16191,1.0,777777,SUCCESS: 56915852120
2026-06-03T16:51:15.722101,BUY,EURUSD,1.16193,1.0,777777,SUCCESS: 56915852255
2026-06-03T16:51:16.252105,SELL,EURUSD,1.16191,1.0,777777,SUCCESS: 56915852315
2026-06-03T16:51:16.798109,BUY,EURUSD,1.16193,1.0,777777,SUCCESS: 56915852505
2026-06-03T16:51:17.149112,SELL,EURUSD,1.16191,1.0,777777,SUCCESS: 56915852562
2026-06-03T16:51:18.831124,BUY,EURUSD,1.16193,1.0,777777,SUCCESS: 56915852888
2026-06-03T16:51:20.326136,SELL,EURUSD,1.16191,1.0,777777,SUCCESS: 56915853230
2026-06-03T16:51:21.360144,BUY,EURUSD,1.16192,1.0,777777,SUCCESS: 56915853878
2026-06-03T16:51:22.661153,SELL,EURUSD,1.1619,1.0,777777,SUCCESS: 56915854178
2026-06-03T16:51:23.372159,BUY,EURUSD,1.1619,1.0,777777,SUCCESS: 56915854603
2026-06-03T16:51:23.805162,SELL,EURUSD,1.16189,1.0,777777,SUCCESS: 56915854690
2026-06-03T16:51:25.041171,BUY,EURUSD,1.16192,1.0,777777,SUCCESS: 56915854886
2026-06-03T16:51:25.980178,SELL,EURUSD,1.1619,1.0,777777,SUCCESS: 56915855279
2026-06-03T16:51:27.161187,BUY,EURUSD,1.16192,1.0,777777,SUCCESS: 56915855552
2026-06-03T16:51:27.752191,SELL,EURUSD,1.1619,1.0,777777,SUCCESS: 56915855884
2026-06-03T16:51:28.346196,BUY,EURUSD,1.16192,1.0,777777,SUCCESS: 56915856074
2026-06-03T16:51:29.716206,SELL,EURUSD,1.1619,1.0,777777,SUCCESS: 56915856192
2026-06-03T16:51:30.770213,BUY,EURUSD,1.16193,1.0,777777,SUCCESS: 56915856722
2026-06-03T16:51:31.223217,SELL,EURUSD,1.16191,1.0,777777,SUCCESS: 56915856863
2026-06-03T16:51:32.390225,BUY,EURUSD,1.16193,1.0,777777,SUCCESS: 56915857007
2026-06-03T16:51:33.837236,SELL,EURUSD,1.16192,1.0,777777,SUCCESS: 56915857180
2026-06-03T16:51:34.175238,BUY,EURUSD,1.16191,1.0,777777,SUCCESS: 56915857476
2026-06-03T16:51:34.606241,SELL,EURUSD,1.16189,1.0,777777,SUCCESS: 56915857553
2026-06-03T16:51:35.243246,BUY,EURUSD,1.16191,1.0,777777,SUCCESS: 56915857761
2026-06-03T16:51:35.737249,SELL,EURUSD,1.16189,1.0,777777,SUCCESS: 56915857958
2026-06-03T16:51:36.278253,BUY,EURUSD,1.16192,1.0,777777,SUCCESS: 56915858081
2026-06-03T16:51:36.874257,SELL,EURUSD,1.1619,1.0,777777,SUCCESS: 56915858209
2026-06-03T16:51:37.285260,BUY,EURUSD,1.16192,1.0,777777,SUCCESS: 56915858320
2026-06-03T16:51:37.641263,SELL,EURUSD,1.1619,1.0,777777,SUCCESS: 56915858386
2026-06-03T16:51:38.000266,BUY,EURUSD,1.16192,1.0,777777,SUCCESS: 56915858491
2026-06-03T16:51:38.361268,SELL,EURUSD,1.1619,1.0,777777,SUCCESS: 56915858657
2026-06-03T16:51:38.696270,BUY,EURUSD,1.16192,1.0,777777,SUCCESS: 56915858741
2026-06-03T16:51:39.033273,SELL,EURUSD,1.1619,1.0,777777,SUCCESS: 56915858808
2026-06-03T16:51:39.421276,BUY,EURUSD,1.16192,1.0,777777,SUCCESS: 56915858874
2026-06-03T16:51:39.763278,SELL,EURUSD,1.1619,1.0,777777,SUCCESS: 56915858970
2026-06-03T16:51:40.101280,BUY,EURUSD,1.16192,1.0,777777,SUCCESS: 56915859030
2026-06-03T16:51:40.443283,SELL,EURUSD,1.1619,1.0,777777,SUCCESS: 56915859115
2026-06-03T16:51:40.854286,BUY,EURUSD,1.16192,1.0,777777,SUCCESS: 56915859165
2026-06-03T16:51:41.267289,SELL,EURUSD,1.1619,1.0,777777,SUCCESS: 56915859258
2026-06-03T16:51:41.680292,BUY,EURUSD,1.16192,1.0,777777,SUCCESS: 56915859363
2026-06-03T16:51:42.015294,SELL,EURUSD,1.1619,1.0,777777,SUCCESS: 56915859410
2026-06-03T16:51:42.349296,BUY,EURUSD,1.16192,1.0,777777,SUCCESS: 56915859489
2026-06-03T16:51:42.688299,SELL,EURUSD,1.16191,1.0,777777,SUCCESS: 56915859531
2026-06-03T16:51:43.027301,BUY,EURUSD,1.16193,1.0,777777,SUCCESS: 56915859615
2026-06-03T16:51:43.355303,SELL,EURUSD,1.16191,1.0,777777,SUCCESS: 56915859709
2026-06-03T16:51:43.727306,BUY,EURUSD,1.16193,1.0,777777,SUCCESS: 56915859781
2026-06-03T16:51:44.134309,SELL,EURUSD,1.1619,1.0,777777,SUCCESS: 56915860050
2026-06-03T16:51:44.541312,BUY,EURUSD,1.16192,1.0,777777,SUCCESS: 56915860128
2026-06-03T16:51:44.955314,SELL,EURUSD,1.16191,1.0,777777,SUCCESS: 56915860236
2026-06-03T16:51:45.286317,BUY,EURUSD,1.16193,1.0,777777,SUCCESS: 56915860399
2026-06-03T16:51:45.670319,SELL,EURUSD,1.16191,1.0,777777,SUCCESS: 56915860461
2026-06-03T16:51:46.010322,BUY,EURUSD,1.16193,1.0,777777,SUCCESS: 56915860614
2026-06-03T16:51:46.344324,SELL,EURUSD,1.16191,1.0,777777,SUCCESS: 56915860751
2026-06-03T16:51:46.679326,BUY,EURUSD,1.16193,1.0,777777,SUCCESS: 56915860810
2026-06-03T16:51:47.150330,SELL,EURUSD,1.16191,1.0,777777,SUCCESS: 56915860869
2026-06-03T16:51:47.634333,BUY,EURUSD,1.16193,1.0,777777,SUCCESS: 56915860933
2026-06-03T16:51:48.022336,SELL,EURUSD,1.16191,1.0,777777,SUCCESS: 56915861040
2026-06-03T16:51:48.535339,BUY,EURUSD,1.16193,1.0,777777,SUCCESS: 56915861113
2026-06-03T16:51:48.903342,SELL,EURUSD,1.16191,1.0,777777,SUCCESS: 56915861326
2026-06-03T16:51:49.461345,BUY,EURUSD,1.16193,1.0,777777,SUCCESS: 56915861377
2026-06-03T16:51:49.797348,SELL,EURUSD,1.16191,1.0,777777,SUCCESS: 56915861502
2026-06-03T16:51:50.128350,BUY,EURUSD,1.16193,1.0,777777,SUCCESS: 56915861574
2026-06-03T16:51:50.684354,SELL,EURUSD,1.16191,1.0,777777,SUCCESS: 56915861633
2026-06-03T16:51:51.199357,BUY,EURUSD,1.16193,1.0,777777,SUCCESS: 56915861688
2026-06-03T16:51:51.549360,SELL,EURUSD,1.16191,1.0,777777,SUCCESS: 56915861823
2026-06-03T16:51:52.020363,BUY,EURUSD,1.16193,1.0,777777,SUCCESS: 56915861900
2026-06-03T16:51:52.425366,SELL,EURUSD,1.16191,1.0,777777,SUCCESS: 56915861984
2026-06-03T16:51:52.768368,BUY,EURUSD,1.16194,1.0,777777,SUCCESS: 56915862052
2026-06-03T16:51:53.166371,SELL,EURUSD,1.16192,1.0,777777,SUCCESS: 56915862094
2026-06-03T16:51:53.517373,BUY,EURUSD,1.16194,1.0,777777,SUCCESS: 56915862176
2026-06-03T16:51:53.851375,SELL,EURUSD,1.16193,1.0,777777,SUCCESS: 56915862263
2026-06-03T16:51:54.378379,BUY,EURUSD,1.16195,1.0,777777,SUCCESS: 56915862335
2026-06-03T16:51:54.847382,SELL,EURUSD,1.16193,1.0,777777,SUCCESS: 56915862401
2026-06-03T16:51:55.457386,BUY,EURUSD,1.16195,1.0,777777,SUCCESS: 56915862517
2026-06-03T16:51:55.826389,SELL,EURUSD,1.16193,1.0,777777,SUCCESS: 56915862708
2026-06-03T16:51:56.315392,BUY,EURUSD,1.16196,1.0,777777,SUCCESS: 56915862807
2026-06-03T16:51:56.721394,SELL,EURUSD,1.16194,1.0,777777,SUCCESS: 56915862946
2026-06-03T16:51:57.052397,BUY,EURUSD,1.16196,1.0,777777,SUCCESS: 56915863044
2026-06-03T16:51:57.441399,SELL,EURUSD,1.16194,1.0,777777,SUCCESS: 56915863076
2026-06-03T16:51:57.771401,BUY,EURUSD,1.16196,1.0,777777,SUCCESS: 56915863248
2026-06-03T16:51:58.111404,SELL,EURUSD,1.16197,1.0,777777,SUCCESS: 56915863346
2026-06-03T16:51:58.560407,BUY,EURUSD,1.16199,1.0,777777,SUCCESS: 56915863392
2026-06-03T16:51:59.041410,SELL,EURUSD,1.16197,1.0,777777,SUCCESS: 56915863518
2026-06-03T16:51:59.385412,BUY,EURUSD,1.16199,1.0,777777,SUCCESS: 56915863594
2026-06-03T16:51:59.715414,SELL,EURUSD,1.16197,1.0,777777,SUCCESS: 56915863717
2026-06-03T16:52:00.115417,BUY,EURUSD,1.16199,1.0,777777,SUCCESS: 56915863772
2026-06-03T16:52:00.450419,SELL,EURUSD,1.16197,1.0,777777,SUCCESS: 56915863919
2026-06-03T16:52:00.823422,BUY,EURUSD,1.16199,1.0,777777,SUCCESS: 56915864021
2026-06-03T16:52:01.164424,SELL,EURUSD,1.16197,1.0,777777,SUCCESS: 56915864123
2026-06-03T16:52:01.546426,BUY,EURUSD,1.16199,1.0,777777,SUCCESS: 56915864200
2026-06-03T16:52:01.952429,SELL,EURUSD,1.16197,1.0,777777,SUCCESS: 56915864337
2026-06-03T16:52:02.292431,BUY,EURUSD,1.16199,1.0,777777,SUCCESS: 56915864428
2026-06-03T16:52:02.666434,SELL,EURUSD,1.16197,1.0,777777,SUCCESS: 56915864493
2026-06-03T16:52:03.009436,BUY,EURUSD,1.16198,1.0,777777,SUCCESS: 56915864641
2026-06-03T16:52:03.386438,SELL,EURUSD,1.16196,1.0,777777,SUCCESS: 56915864701
2026-06-03T16:52:03.721441,BUY,EURUSD,1.16198,1.0,777777,SUCCESS: 56915864774
2026-06-03T16:52:04.100443,SELL,EURUSD,1.16196,1.0,777777,SUCCESS: 56915864836
2026-06-03T16:52:04.441445,BUY,EURUSD,1.16198,1.0,777777,SUCCESS: 56915864935
2026-06-03T16:52:04.820448,SELL,EURUSD,1.16197,1.0,777777,SUCCESS: 56915865009
2026-06-03T16:52:05.331451,BUY,EURUSD,1.16199,1.0,777777,SUCCESS: 56915865099
2026-06-03T16:52:05.736454,SELL,EURUSD,1.16196,1.0,777777,SUCCESS: 56915865280
2026-06-03T16:52:06.073456,BUY,EURUSD,1.16198,1.0,777777,SUCCESS: 56915865401
2026-06-03T16:52:06.412458,SELL,EURUSD,1.16196,1.0,777777,SUCCESS: 56915865567
2026-06-03T16:52:06.973461,BUY,EURUSD,1.16198,1.0,777777,SUCCESS: 56915865648
2026-06-03T16:52:07.384464,SELL,EURUSD,1.16196,1.0,777777,SUCCESS: 56915865825
2026-06-03T16:52:07.724466,BUY,EURUSD,1.16199,1.0,777777,SUCCESS: 56915865899
2026-06-03T16:52:08.095469,SELL,EURUSD,1.16196,1.0,777777,SUCCESS: 56915866045
2026-06-03T16:52:08.505471,BUY,EURUSD,1.16198,1.0,777777,SUCCESS: 56915866094
2026-06-03T16:52:08.923474,SELL,EURUSD,1.16196,1.0,777777,SUCCESS: 56915866296
2026-06-03T16:52:09.426477,BUY,EURUSD,1.16198,1.0,777777,SUCCESS: 56915866432
2026-06-03T16:52:09.771479,SELL,EURUSD,1.16196,1.0,777777,SUCCESS: 56915866586
2026-06-03T16:52:10.153482,BUY,EURUSD,1.16198,1.0,777777,SUCCESS: 56915866699
2026-06-03T16:52:10.559484,SELL,EURUSD,1.16197,1.0,777777,SUCCESS: 56915866795
2026-06-03T16:52:10.968487,BUY,EURUSD,1.16198,1.0,777777,SUCCESS: 56915866844
2026-06-03T16:52:11.303489,SELL,EURUSD,1.16196,1.0,777777,SUCCESS: 56915866904
2026-06-03T16:52:11.682491,BUY,EURUSD,1.16198,1.0,777777,SUCCESS: 56915867028
2026-06-03T16:52:12.030494,SELL,EURUSD,1.16196,1.0,777777,SUCCESS: 56915867150
2026-06-03T16:52:12.363496,BUY,EURUSD,1.16198,1.0,777777,SUCCESS: 56915867301
2026-06-03T16:52:12.705498,SELL,EURUSD,1.16196,1.0,777777,SUCCESS: 56915867383
2026-06-03T16:52:13.043500,BUY,EURUSD,1.16198,1.0,777777,SUCCESS: 56915867456
2026-06-03T16:52:13.429502,SELL,EURUSD,1.16196,1.0,777777,SUCCESS: 56915867511
2026-06-03T16:52:13.776505,BUY,EURUSD,1.16198,1.0,777777,SUCCESS: 56915867564
2026-06-03T16:52:14.110507,SELL,EURUSD,1.16196,1.0,777777,SUCCESS: 56915867734
2026-06-03T16:52:14.446509,BUY,EURUSD,1.16198,1.0,777777,SUCCESS: 56915867927
2026-06-03T16:52:14.800511,SELL,EURUSD,1.16196,1.0,777777,SUCCESS: 56915868068
2026-06-03T16:52:15.144513,BUY,EURUSD,1.16198,1.0,777777,SUCCESS: 56915868165
2026-06-03T16:52:15.488515,SELL,EURUSD,1.16196,1.0,777777,SUCCESS: 56915868279
2026-06-03T16:52:15.883518,BUY,EURUSD,1.16199,1.0,777777,SUCCESS: 56915868349
2026-06-03T16:52:16.347521,SELL,EURUSD,1.16196,1.0,777777,SUCCESS: 56915868418
2026-06-03T16:52:16.903524,BUY,EURUSD,1.16198,1.0,777777,SUCCESS: 56915868494
2026-06-03T16:52:17.241526,SELL,EURUSD,1.16196,1.0,777777,SUCCESS: 56915868606
2026-06-03T16:52:17.580528,BUY,EURUSD,1.16198,1.0,777777,SUCCESS: 56915868757
2026-06-03T16:52:17.938530,SELL,EURUSD,1.16195,1.0,777777,SUCCESS: 56915868918
2026-06-03T16:52:18.276532,BUY,EURUSD,1.16197,1.0,777777,SUCCESS: 56915869006
2026-06-03T16:52:18.645535,SELL,EURUSD,1.16196,1.0,777777,SUCCESS: 56915869096
2026-06-03T16:52:19.051537,BUY,EURUSD,1.16198,1.0,777777,SUCCESS: 56915869237
2026-06-03T16:52:19.390539,SELL,EURUSD,1.16195,1.0,777777,SUCCESS: 56915869349
2026-06-03T16:52:19.771542,BUY,EURUSD,1.16197,1.0,777777,SUCCESS: 56915869438
2026-06-03T16:52:20.187544,SELL,EURUSD,1.16194,1.0,777777,SUCCESS: 56915869499
2026-06-03T16:52:20.592547,BUY,EURUSD,1.16196,1.0,777777,SUCCESS: 56915869591
2026-06-03T16:52:20.944549,SELL,EURUSD,1.16194,1.0,777777,SUCCESS: 56915869677
2026-06-03T16:52:21.305551,BUY,EURUSD,1.16196,1.0,777777,SUCCESS: 56915869736
2026-06-03T16:52:21.655553,SELL,EURUSD,1.16196,1.0,777777,SUCCESS: 56915869786
2026-06-03T16:52:22.020555,BUY,EURUSD,1.16198,1.0,777777,SUCCESS: 56915869869
2026-06-03T16:52:22.430558,SELL,EURUSD,1.16196,1.0,777777,SUCCESS: 56915869946
2026-06-03T16:52:22.840560,BUY,EURUSD,1.16198,1.0,777777,SUCCESS: 56915870143
2026-06-03T16:52:23.185562,SELL,EURUSD,1.16197,1.0,777777,SUCCESS: 56915870289
2026-06-03T16:52:23.560565,BUY,EURUSD,1.16198,1.0,777777,SUCCESS: 56915870375
2026-06-03T16:52:23.901567,SELL,EURUSD,1.16196,1.0,777777,SUCCESS: 56915870448
2026-06-03T16:52:24.236569,BUY,EURUSD,1.16198,1.0,777777,SUCCESS: 56915870551
2026-06-03T16:52:24.784572,SELL,EURUSD,1.16196,1.0,777777,SUCCESS: 56915870660
2026-06-03T16:52:25.120574,BUY,EURUSD,1.16198,1.0,777777,SUCCESS: 56915870811
2026-06-03T16:52:25.454576,SELL,EURUSD,1.16196,1.0,777777,SUCCESS: 56915870909
2026-06-03T16:52:25.788578,BUY,EURUSD,1.16198,1.0,777777,SUCCESS: 56915871032
2026-06-03T16:52:26.326581,SELL,EURUSD,1.16196,1.0,777777,SUCCESS: 56915871099
2026-06-03T16:52:26.663583,BUY,EURUSD,1.16198,1.0,777777,SUCCESS: 56915871228
2026-06-03T16:52:27.041585,SELL,EURUSD,1.16197,1.0,777777,SUCCESS: 56915871312
2026-06-03T16:52:27.553589,BUY,EURUSD,1.16199,1.0,777777,SUCCESS: 56915871398
2026-06-03T16:52:27.968591,SELL,EURUSD,1.16197,1.0,777777,SUCCESS: 56915871535
2026-06-03T16:52:28.308593,BUY,EURUSD,1.16199,1.0,777777,SUCCESS: 56915871658
2026-06-03T16:52:28.643595,SELL,EURUSD,1.16193,1.0,777777,SUCCESS: 56915871758
2026-06-03T16:52:28.984597,BUY,EURUSD,1.16195,1.0,777777,SUCCESS: 56915871901
2026-06-03T16:52:29.498600,SELL,EURUSD,1.16193,1.0,777777,SUCCESS: 56915872057
2026-06-03T16:52:29.838602,BUY,EURUSD,1.16195,1.0,777777,SUCCESS: 56915872315
2026-06-03T16:52:30.176604,SELL,EURUSD,1.16194,1.0,777777,SUCCESS: 56915872474
2026-06-03T16:52:30.515606,BUY,EURUSD,1.16195,1.0,777777,SUCCESS: 56915872581
2026-06-03T16:52:30.858608,SELL,EURUSD,1.16193,1.0,777777,SUCCESS: 56915872676
2026-06-03T16:52:31.199610,BUY,EURUSD,1.16195,1.0,777777,SUCCESS: 56915872736
2026-06-03T16:52:31.749613,SELL,EURUSD,1.16193,1.0,777777,SUCCESS: 56915872853
2026-06-03T16:52:32.085615,BUY,EURUSD,1.16195,1.0,777777,SUCCESS: 56915873001
2026-06-03T16:52:32.465617,SELL,EURUSD,1.16193,1.0,777777,SUCCESS: 56915873113
2026-06-03T16:52:32.803619,BUY,EURUSD,1.16195,1.0,777777,SUCCESS: 56915873173
2026-06-03T16:52:33.182622,SELL,EURUSD,1.16193,1.0,777777,SUCCESS: 56915873252
2026-06-03T16:52:33.532624,BUY,EURUSD,1.16195,1.0,777777,SUCCESS: 56915873330
2026-06-03T16:52:33.874626,SELL,EURUSD,1.16193,1.0,777777,SUCCESS: 56915873412
2026-06-03T16:52:33.986626,BUY,EURUSD,1.16195,1.0,777777,FAILED: 10040
2026-06-03T16:52:34.102627,SELL,EURUSD,1.16192,1.0,777777,FAILED: 10040
2026-06-03T16:52:34.210628,BUY,EURUSD,1.16194,1.0,777777,FAILED: 10040
2026-06-03T16:52:34.320628,SELL,EURUSD,1.16192,1.0,777777,FAILED: 10040
2026-06-03T16:52:34.445629,BUY,EURUSD,1.16194,1.0,777777,FAILED: 10040
2026-06-03T16:52:34.604630,SELL,EURUSD,1.16192,1.0,777777,FAILED: 10040
2026-06-03T16:52:34.729631,BUY,EURUSD,1.16194,1.0,777777,FAILED: 10040
2026-06-03T16:52:34.842631,SELL,EURUSD,1.16192,1.0,777777,FAILED: 10040
2026-06-03T16:52:34.950632,BUY,EURUSD,1.16194,1.0,777777,FAILED: 10040
2026-06-03T16:52:35.060632,SELL,EURUSD,1.16192,1.0,777777,FAILED: 10040
2026-06-03T16:52:35.167633,BUY,EURUSD,1.16194,1.0,777777,FAILED: 10040
2026-06-03T16:52:35.274634,SELL,EURUSD,1.16192,1.0,777777,FAILED: 10040
2026-06-03T16:52:35.383634,BUY,EURUSD,1.16194,1.0,777777,FAILED: 10040
2026-06-03T16:52:35.495635,SELL,EURUSD,1.16192,1.0,777777,FAILED: 10040
2026-06-03T16:52:35.604636,BUY,EURUSD,1.16194,1.0,777777,FAILED: 10040
2026-06-03T16:52:35.721636,SELL,EURUSD,1.16193,1.0,777777,FAILED: 10040
2026-06-03T16:52:35.832637,BUY,EURUSD,1.16195,1.0,777777,FAILED: 10040
2026-06-03T16:52:35.940638,SELL,EURUSD,1.16193,1.0,777777,FAILED: 10040
2026-06-03T16:52:36.050638,BUY,EURUSD,1.16195,1.0,777777,FAILED: 10040
2026-06-03T16:52:36.164639,SELL,EURUSD,1.16193,1.0,777777,FAILED: 10040
2026-06-03T16:52:36.272639,BUY,EURUSD,1.16195,1.0,777777,FAILED: 10040
2026-06-03T16:52:36.380640,SELL,EURUSD,1.16193,1.0,777777,FAILED: 10040
2026-06-03T16:52:36.492641,BUY,EURUSD,1.16195,1.0,777777,FAILED: 10040
2026-06-03T16:52:36.613641,SELL,EURUSD,1.16193,1.0,777777,FAILED: 10040
2026-06-03T16:52:36.719642,BUY,EURUSD,1.16195,1.0,777777,FAILED: 10040
2026-06-03T16:52:36.835643,SELL,EURUSD,1.16193,1.0,777777,FAILED: 10040
2026-06-03T16:52:36.949643,BUY,EURUSD,1.16195,1.0,777777,FAILED: 10040
2026-06-03T16:52:37.059644,SELL,EURUSD,1.16193,1.0,777777,FAILED: 10040
2026-06-03T16:52:37.169645,BUY,EURUSD,1.16195,1.0,777777,FAILED: 10040
2026-06-03T16:52:37.280645,SELL,EURUSD,1.16193,1.0,777777,FAILED: 10040
2026-06-03T16:52:37.390646,BUY,EURUSD,1.16195,1.0,777777,FAILED: 10040
2026-06-03T16:52:37.501646,SELL,EURUSD,1.16193,1.0,777777,FAILED: 10040
2026-06-03T16:52:37.611647,BUY,EURUSD,1.16195,1.0,777777,FAILED: 10040
2026-06-03T16:52:37.749648,SELL,EURUSD,1.16193,1.0,777777,FAILED: 10040
2026-06-03T16:52:37.873649,BUY,EURUSD,1.16195,1.0,777777,FAILED: 10040
2026-06-03T16:52:37.995649,SELL,EURUSD,1.16193,1.0,777777,FAILED: 10040
2026-06-03T16:52:38.113650,BUY,EURUSD,1.16195,1.0,777777,FAILED: 10040
2026-06-03T16:52:38.226651,SELL,EURUSD,1.16193,1.0,777777,FAILED: 10040
2026-06-03T16:52:38.338651,BUY,EURUSD,1.16195,1.0,777777,FAILED: 10040
2026-06-03T16:52:38.453652,SELL,EURUSD,1.16193,1.0,777777,FAILED: 10040
2026-06-03T16:52:38.573653,BUY,EURUSD,1.16195,1.0,777777,FAILED: 10040
2026-06-03T16:52:38.683653,SELL,EURUSD,1.16193,1.0,777777,FAILED: 10040
2026-06-03T16:52:38.791654,BUY,EURUSD,1.16195,1.0,777777,FAILED: 10040
2026-06-03T16:52:38.902654,SELL,EURUSD,1.16193,1.0,777777,FAILED: 10040
2026-06-03T16:52:39.019655,BUY,EURUSD,1.16195,1.0,777777,FAILED: 10040
2026-06-03T16:52:39.131656,SELL,EURUSD,1.16193,1.0,777777,FAILED: 10040
2026-06-03T16:52:39.238656,BUY,EURUSD,1.16195,1.0,777777,FAILED: 10040
2026-06-03T16:52:39.356657,SELL,EURUSD,1.16195,1.0,777777,FAILED: 10040
2026-06-03T16:52:39.468658,BUY,EURUSD,1.16198,1.0,777777,FAILED: 10040
2026-06-03T16:52:39.580658,SELL,EURUSD,1.16196,1.0,777777,FAILED: 10040
2026-06-03T16:52:39.690659,BUY,EURUSD,1.16198,1.0,777777,FAILED: 10040
2026-06-03T16:52:39.799660,SELL,EURUSD,1.16195,1.0,777777,FAILED: 10040
2026-06-03T16:52:39.909660,BUY,EURUSD,1.16197,1.0,777777,FAILED: 10040
2026-06-03T16:52:40.016661,SELL,EURUSD,1.16195,1.0,777777,FAILED: 10040
2026-06-03T16:52:40.130661,BUY,EURUSD,1.16197,1.0,777777,FAILED: 10040
2026-06-03T16:52:40.242662,SELL,EURUSD,1.16195,1.0,777777,FAILED: 10040
2026-06-03T16:52:40.351663,BUY,EURUSD,1.16197,1.0,777777,FAILED: 10040
2026-06-03T16:52:40.460663,SELL,EURUSD,1.16195,1.0,777777,FAILED: 10040
2026-06-03T16:52:40.571664,BUY,EURUSD,1.16197,1.0,777777,FAILED: 10040
2026-06-03T16:52:40.681665,SELL,EURUSD,1.16195,1.0,777777,FAILED: 10040
2026-06-03T16:52:40.790665,BUY,EURUSD,1.16197,1.0,777777,FAILED: 10040
2026-06-03T16:52:40.897666,SELL,EURUSD,1.16195,1.0,777777,FAILED: 10040
2026-06-03T16:52:41.006666,BUY,EURUSD,1.16197,1.0,777777,FAILED: 10040
2026-06-03T16:52:41.113667,SELL,EURUSD,1.16195,1.0,777777,FAILED: 10040
2026-06-03T16:52:41.223668,BUY,EURUSD,1.16197,1.0,777777,FAILED: 10040
2026-06-03T16:52:41.332668,SELL,EURUSD,1.16195,1.0,777777,FAILED: 10040
2026-06-03T16:52:41.439669,BUY,EURUSD,1.16197,1.0,777777,FAILED: 10040
2026-06-03T16:52:41.559669,SELL,EURUSD,1.16195,1.0,777777,FAILED: 10040
2026-06-03T16:52:41.674670,BUY,EURUSD,1.16197,1.0,777777,FAILED: 10040
2026-06-03T16:52:41.782671,SELL,EURUSD,1.16195,1.0,777777,FAILED: 10040
2026-06-03T16:52:41.896671,BUY,EURUSD,1.16197,1.0,777777,FAILED: 10040
2026-06-03T16:52:42.007672,SELL,EURUSD,1.16195,1.0,777777,FAILED: 10040
2026-06-03T16:52:42.125673,BUY,EURUSD,1.16197,1.0,777777,FAILED: 10040
2026-06-03T16:52:42.234673,SELL,EURUSD,1.16195,1.0,777777,FAILED: 10040
2026-06-03T16:52:42.349674,BUY,EURUSD,1.16197,1.0,777777,FAILED: 10040
2026-06-03T16:52:42.458674,SELL,EURUSD,1.16195,1.0,777777,FAILED: 10040
2026-06-03T16:52:42.571675,BUY,EURUSD,1.16197,1.0,777777,FAILED: 10040
2026-06-03T16:52:42.688676,SELL,EURUSD,1.16195,1.0,777777,FAILED: 10040
2026-06-03T16:52:42.796676,BUY,EURUSD,1.16197,1.0,777777,FAILED: 10040
2026-06-03T16:52:42.907677,SELL,EURUSD,1.16195,1.0,777777,FAILED: 10040
2026-06-03T16:52:43.020678,BUY,EURUSD,1.16197,1.0,777777,FAILED: 10040
2026-06-03T16:52:43.126678,SELL,EURUSD,1.16195,1.0,777777,FAILED: 10040
2026-06-03T16:52:43.236679,BUY,EURUSD,1.16197,1.0,777777,FAILED: 10040
2026-06-03T16:52:43.344679,SELL,EURUSD,1.16195,1.0,777777,FAILED: 10040
2026-06-03T16:52:43.453680,BUY,EURUSD,1.16197,1.0,777777,FAILED: 10040
2026-06-03T16:52:43.563681,SELL,EURUSD,1.16195,1.0,777777,FAILED: 10040
2026-06-03T16:52:43.674681,BUY,EURUSD,1.16197,1.0,777777,FAILED: 10040
2026-06-03T16:52:43.783682,SELL,EURUSD,1.16195,1.0,777777,FAILED: 10040
2026-06-03T16:52:43.893683,BUY,EURUSD,1.16197,1.0,777777,FAILED: 10040
2026-06-03T16:52:43.999683,SELL,EURUSD,1.16195,1.0,777777,FAILED: 10040
2026-06-03T16:52:44.111684,BUY,EURUSD,1.16197,1.0,777777,FAILED: 10040
2026-06-03T16:52:44.220684,SELL,EURUSD,1.16195,1.0,777777,FAILED: 10040
2026-06-03T16:52:44.328685,BUY,EURUSD,1.16197,1.0,777777,FAILED: 10040
2026-06-03T16:52:44.436686,SELL,EURUSD,1.16195,1.0,777777,FAILED: 10040
2026-06-03T16:52:44.545686,BUY,EURUSD,1.16197,1.0,777777,FAILED: 10040
2026-06-03T16:52:44.652687,SELL,EURUSD,1.16195,1.0,777777,FAILED: 10040
2026-06-03T16:52:44.761687,BUY,EURUSD,1.16197,1.0,777777,FAILED: 10040
2026-06-03T16:52:44.867688,SELL,EURUSD,1.16195,1.0,777777,FAILED: 10040
2026-06-03T16:52:44.983689,BUY,EURUSD,1.16197,1.0,777777,FAILED: 10040
2026-06-03T16:52:45.105689,SELL,EURUSD,1.16195,1.0,777777,FAILED: 10040
2026-06-03T16:52:45.216690,BUY,EURUSD,1.16197,1.0,777777,FAILED: 10040
2026-06-03T16:52:45.325690,SELL,EURUSD,1.16195,1.0,777777,FAILED: 10040
2026-06-03T16:52:45.431691,BUY,EURUSD,1.16197,1.0,777777,FAILED: 10040
2026-06-03T16:52:45.537692,SELL,EURUSD,1.16195,1.0,777777,FAILED: 10040
2026-06-03T16:52:45.646692,BUY,EURUSD,1.16197,1.0,777777,FAILED: 10040
2026-06-03T16:52:45.753693,SELL,EURUSD,1.16195,1.0,777777,FAILED: 10040
2026-06-03T16:52:45.863693,BUY,EURUSD,1.16197,1.0,777777,FAILED: 10040
2026-06-03T16:52:45.969694,SELL,EURUSD,1.16195,1.0,777777,FAILED: 10040
2026-06-03T16:52:46.075695,BUY,EURUSD,1.16197,1.0,777777,FAILED: 10040
2026-06-03T16:52:46.181695,SELL,EURUSD,1.16195,1.0,777777,FAILED: 10040
2026-06-03T16:52:46.289696,BUY,EURUSD,1.16197,1.0,777777,FAILED: 10040
2026-06-03T16:52:46.397696,SELL,EURUSD,1.16195,1.0,777777,FAILED: 10040
2026-06-03T16:52:46.516697,BUY,EURUSD,1.16197,1.0,777777,FAILED: 10040
2026-06-03T16:52:46.625698,SELL,EURUSD,1.16195,1.0,777777,FAILED: 10040
2026-06-03T16:52:46.732698,BUY,EURUSD,1.16197,1.0,777777,FAILED: 10040
2026-06-03T16:52:46.838699,SELL,EURUSD,1.16195,1.0,777777,FAILED: 10040
2026-06-03T16:52:46.944699,BUY,EURUSD,1.16197,1.0,777777,FAILED: 10040
2026-06-03T16:52:47.063700,SELL,EURUSD,1.16195,1.0,777777,FAILED: 10040
2026-06-03T16:52:47.170701,BUY,EURUSD,1.16197,1.0,777777,FAILED: 10040
2026-06-03T16:52:47.280701,SELL,EURUSD,1.16195,1.0,777777,FAILED: 10040
2026-06-03T16:52:47.387702,BUY,EURUSD,1.16197,1.0,777777,FAILED: 10040
2026-06-03T16:52:47.515703,SELL,EURUSD,1.16195,1.0,777777,FAILED: 10040
2026-06-03T16:52:47.623703,BUY,EURUSD,1.16197,1.0,777777,FAILED: 10040
2026-06-03T16:52:47.737704,SELL,EURUSD,1.16195,1.0,777777,FAILED: 10040
2026-06-03T16:52:47.845704,BUY,EURUSD,1.16197,1.0,777777,FAILED: 10040
2026-06-03T16:52:47.954705,SELL,EURUSD,1.16195,1.0,777777,FAILED: 10040
2026-06-03T16:52:48.059706,BUY,EURUSD,1.16197,1.0,777777,FAILED: 10040
2026-06-03T16:52:48.166706,SELL,EURUSD,1.16195,1.0,777777,FAILED: 10040
2026-06-03T16:52:48.273707,BUY,EURUSD,1.16197,1.0,777777,FAILED: 10040
2026-06-03T16:52:48.384707,SELL,EURUSD,1.16195,1.0,777777,FAILED: 10040
2026-06-03T16:52:48.502708,BUY,EURUSD,1.16197,1.0,777777,FAILED: 10040
2026-06-03T16:52:48.611709,SELL,EURUSD,1.16195,1.0,777777,FAILED: 10040
2026-06-03T16:52:48.719709,BUY,EURUSD,1.16197,1.0,777777,FAILED: 10040
2026-06-03T16:52:48.826710,SELL,EURUSD,1.16195,1.0,777777,FAILED: 10040
2026-06-03T16:52:48.932710,BUY,EURUSD,1.16197,1.0,777777,FAILED: 10040
2026-06-03T16:52:49.045711,SELL,EURUSD,1.16195,1.0,777777,FAILED: 10040
2026-06-03T16:52:49.151711,BUY,EURUSD,1.16197,1.0,777777,FAILED: 10040
2026-06-03T16:52:49.260712,SELL,EURUSD,1.16195,1.0,777777,FAILED: 10040
2026-06-03T16:52:49.370713,BUY,EURUSD,1.16197,1.0,777777,FAILED: 10040
2026-06-03T16:52:49.486713,SELL,EURUSD,1.16196,1.0,777777,FAILED: 10040
2026-06-03T16:52:49.596714,BUY,EURUSD,1.16198,1.0,777777,FAILED: 10040
2026-06-03T16:52:49.703715,SELL,EURUSD,1.16196,1.0,777777,FAILED: 10040
2026-06-03T16:52:49.809715,BUY,EURUSD,1.16198,1.0,777777,FAILED: 10040
2026-06-03T16:52:49.917716,SELL,EURUSD,1.16196,1.0,777777,FAILED: 10040
2026-06-03T16:52:50.025716,BUY,EURUSD,1.16198,1.0,777777,FAILED: 10040
2026-06-03T16:52:50.133717,SELL,EURUSD,1.16196,1.0,777777,FAILED: 10040
2026-06-03T16:52:50.239717,BUY,EURUSD,1.16198,1.0,777777,FAILED: 10040
2026-06-03T16:52:50.344718,SELL,EURUSD,1.16196,1.0,777777,FAILED: 10040
2026-06-03T16:52:50.452719,BUY,EURUSD,1.16198,1.0,777777,FAILED: 10040
2026-06-03T16:52:50.562719,SELL,EURUSD,1.16196,1.0,777777,FAILED: 10040
2026-06-03T16:52:50.668720,BUY,EURUSD,1.16198,1.0,777777,FAILED: 10040
2026-06-03T16:52:50.778720,SELL,EURUSD,1.16196,1.0,777777,FAILED: 10040
2026-06-03T16:52:50.885721,BUY,EURUSD,1.16198,1.0,777777,FAILED: 10040
2026-06-03T16:52:50.995722,SELL,EURUSD,1.16196,1.0,777777,FAILED: 10040
2026-06-03T16:52:51.101722,BUY,EURUSD,1.16198,1.0,777777,FAILED: 10040
2026-06-03T16:52:51.207723,SELL,EURUSD,1.16196,1.0,777777,FAILED: 10040
2026-06-03T16:52:51.317723,BUY,EURUSD,1.16198,1.0,777777,FAILED: 10040
2026-06-03T16:52:51.425724,SELL,EURUSD,1.16196,1.0,777777,FAILED: 10040
2026-06-03T16:52:51.532724,BUY,EURUSD,1.16198,1.0,777777,FAILED: 10040
2026-06-03T16:52:51.640725,SELL,EURUSD,1.16196,1.0,777777,FAILED: 10040
2026-06-03T16:52:51.747726,BUY,EURUSD,1.16198,1.0,777777,FAILED: 10040
2026-06-03T16:52:51.853726,SELL,EURUSD,1.16196,1.0,777777,FAILED: 10040
2026-06-03T16:52:51.967727,BUY,EURUSD,1.16198,1.0,777777,FAILED: 10040
2026-06-03T16:52:52.076727,SELL,EURUSD,1.16196,1.0,777777,FAILED: 10040
2026-06-03T16:52:52.183728,BUY,EURUSD,1.16198,1.0,777777,FAILED: 10040
2026-06-03T16:52:52.297729,SELL,EURUSD,1.16196,1.0,777777,FAILED: 10040
2026-06-03T16:52:52.406729,BUY,EURUSD,1.16198,1.0,777777,FAILED: 10040
2026-06-03T16:52:52.521730,SELL,EURUSD,1.16196,1.0,777777,FAILED: 10040
2026-06-03T16:52:52.633730,BUY,EURUSD,1.16198,1.0,777777,FAILED: 10040
2026-06-03T16:52:52.739731,SELL,EURUSD,1.16196,1.0,777777,FAILED: 10040
2026-06-03T16:52:52.847732,BUY,EURUSD,1.16198,1.0,777777,FAILED: 10040
2026-06-03T16:52:52.956732,SELL,EURUSD,1.16196,1.0,777777,FAILED: 10040
2026-06-03T16:52:53.062733,BUY,EURUSD,1.16198,1.0,777777,FAILED: 10040
2026-06-03T16:52:53.170733,SELL,EURUSD,1.16196,1.0,777777,FAILED: 10040
2026-06-03T16:52:53.282734,BUY,EURUSD,1.16198,1.0,777777,FAILED: 10040
2026-06-03T16:52:53.389734,SELL,EURUSD,1.16196,1.0,777777,FAILED: 10040
2026-06-03T16:52:53.499735,BUY,EURUSD,1.16198,1.0,777777,FAILED: 10040
2026-06-03T16:52:53.606736,SELL,EURUSD,1.16196,1.0,777777,FAILED: 10040
2026-06-03T16:52:53.713736,BUY,EURUSD,1.16198,1.0,777777,FAILED: 10040
2026-06-03T16:52:53.820737,SELL,EURUSD,1.16196,1.0,777777,FAILED: 10040
2026-06-03T16:52:53.930737,BUY,EURUSD,1.16198,1.0,777777,FAILED: 10040
2026-06-03T16:52:54.035738,SELL,EURUSD,1.16196,1.0,777777,FAILED: 10040
2026-06-03T16:52:54.144738,BUY,EURUSD,1.16198,1.0,777777,FAILED: 10040
2026-06-03T16:52:54.250739,SELL,EURUSD,1.16196,1.0,777777,FAILED: 10040
2026-06-03T16:52:54.361740,BUY,EURUSD,1.16198,1.0,777777,FAILED: 10040
2026-06-03T16:52:54.469740,SELL,EURUSD,1.16196,1.0,777777,FAILED: 10040
2026-06-03T16:52:54.577741,BUY,EURUSD,1.16198,1.0,777777,FAILED: 10040
2026-06-03T16:52:54.682741,SELL,EURUSD,1.16196,1.0,777777,FAILED: 10040
2026-06-03T16:52:54.798742,BUY,EURUSD,1.16198,1.0,777777,FAILED: 10040
2026-06-03T16:52:54.915743,SELL,EURUSD,1.16196,1.0,777777,FAILED: 10040
2026-06-03T16:52:55.045743,BUY,EURUSD,1.16198,1.0,777777,FAILED: 10040
2026-06-03T16:52:55.156744,SELL,EURUSD,1.16196,1.0,777777,FAILED: 10040
2026-06-03T16:52:55.266744,BUY,EURUSD,1.16198,1.0,777777,FAILED: 10040
2026-06-03T16:52:55.377745,SELL,EURUSD,1.16196,1.0,777777,FAILED: 10040
2026-06-03T16:52:55.487746,BUY,EURUSD,1.16198,1.0,777777,FAILED: 10040
2026-06-03T16:52:55.612746,SELL,EURUSD,1.16196,1.0,777777,FAILED: 10040
2026-06-03T16:52:55.729747,BUY,EURUSD,1.16198,1.0,777777,FAILED: 10040
2026-06-03T16:52:55.836747,SELL,EURUSD,1.16196,1.0,777777,FAILED: 10040
2026-06-03T16:52:55.958748,BUY,EURUSD,1.16198,1.0,777777,FAILED: 10040
2026-06-03T16:52:56.075749,SELL,EURUSD,1.16196,1.0,777777,FAILED: 10040
2026-06-03T16:52:56.182749,BUY,EURUSD,1.16198,1.0,777777,FAILED: 10040
2026-06-03T16:52:56.290750,SELL,EURUSD,1.16196,1.0,777777,FAILED: 10040
2026-06-03T16:52:56.399750,BUY,EURUSD,1.16198,1.0,777777,FAILED: 10040
2026-06-03T16:52:56.506751,SELL,EURUSD,1.16196,1.0,777777,FAILED: 10040
2026-06-03T16:52:56.612752,BUY,EURUSD,1.16198,1.0,777777,FAILED: 10040
2026-06-03T16:52:56.728752,SELL,EURUSD,1.16196,1.0,777777,FAILED: 10040
2026-06-03T16:52:56.843753,BUY,EURUSD,1.16198,1.0,777777,FAILED: 10040
2026-06-03T16:52:56.950753,SELL,EURUSD,1.16196,1.0,777777,FAILED: 10040
2026-06-03T16:52:57.055754,BUY,EURUSD,1.16198,1.0,777777,FAILED: 10040
2026-06-03T16:52:57.166755,SELL,EURUSD,1.16196,1.0,777777,FAILED: 10040
2026-06-03T16:52:57.274755,BUY,EURUSD,1.16198,1.0,777777,FAILED: 10040
2026-06-03T16:52:57.383756,SELL,EURUSD,1.16196,1.0,777777,FAILED: 10040
2026-06-03T16:52:57.498756,BUY,EURUSD,1.16198,1.0,777777,FAILED: 10040
2026-06-03T16:52:57.637757,SELL,EURUSD,1.16196,1.0,777777,FAILED: 10040
2026-06-03T16:52:57.745758,BUY,EURUSD,1.16198,1.0,777777,FAILED: 10040
2026-06-03T16:52:57.852758,SELL,EURUSD,1.16196,1.0,777777,FAILED: 10040
2026-06-03T16:52:57.960759,BUY,EURUSD,1.16198,1.0,777777,FAILED: 10040
2026-06-03T16:52:58.066759,SELL,EURUSD,1.16196,1.0,777777,FAILED: 10040
2026-06-03T16:52:58.175760,BUY,EURUSD,1.16198,1.0,777777,FAILED: 10040
2026-06-03T16:52:58.281760,SELL,EURUSD,1.16196,1.0,777777,FAILED: 10040
2026-06-03T16:52:58.389761,BUY,EURUSD,1.16198,1.0,777777,FAILED: 10040
2026-06-03T16:52:58.495762,SELL,EURUSD,1.16196,1.0,777777,FAILED: 10040
2026-06-03T16:52:58.602762,BUY,EURUSD,1.16198,1.0,777777,FAILED: 10040
2026-06-03T16:52:58.715763,SELL,EURUSD,1.16195,1.0,777777,FAILED: 10040
2026-06-03T16:52:58.826763,BUY,EURUSD,1.16195,1.0,777777,FAILED: 10040
2026-06-03T16:52:58.934764,SELL,EURUSD,1.16193,1.0,777777,FAILED: 10040
2026-06-03T16:52:59.042764,BUY,EURUSD,1.16195,1.0,777777,FAILED: 10040
2026-06-03T16:52:59.174765,SELL,EURUSD,1.16194,1.0,777777,FAILED: 10040
2026-06-03T16:52:59.316766,BUY,EURUSD,1.16196,1.0,777777,FAILED: 10040
2026-06-03T16:52:59.426766,SELL,EURUSD,1.16194,1.0,777777,FAILED: 10040
2026-06-03T16:52:59.534767,BUY,EURUSD,1.16196,1.0,777777,FAILED: 10040
2026-06-03T16:52:59.641768,SELL,EURUSD,1.16194,1.0,777777,FAILED: 10040
2026-06-03T16:52:59.746768,BUY,EURUSD,1.16196,1.0,777777,FAILED: 10040
2026-06-03T16:52:59.857769,SELL,EURUSD,1.16194,1.0,777777,FAILED: 10040
2026-06-03T16:52:59.969769,BUY,EURUSD,1.16196,1.0,777777,FAILED: 10040
2026-06-03T16:53:00.076770,SELL,EURUSD,1.16194,1.0,777777,FAILED: 10040
2026-06-03T16:53:00.185770,BUY,EURUSD,1.16196,1.0,777777,FAILED: 10040
2026-06-03T16:53:00.294771,SELL,EURUSD,1.16194,1.0,777777,FAILED: 10040
2026-06-03T16:53:00.401771,BUY,EURUSD,1.16196,1.0,777777,FAILED: 10040
2026-06-03T16:53:00.506772,SELL,EURUSD,1.16194,1.0,777777,FAILED: 10040
2026-06-03T16:53:00.615773,BUY,EURUSD,1.16196,1.0,777777,FAILED: 10040
2026-06-03T16:53:00.722773,SELL,EURUSD,1.16194,1.0,777777,FAILED: 10040
2026-06-03T16:53:00.829774,BUY,EURUSD,1.16196,1.0,777777,FAILED: 10040
2026-06-03T16:53:00.939774,SELL,EURUSD,1.16194,1.0,777777,FAILED: 10040
2026-06-03T16:53:01.047775,BUY,EURUSD,1.16196,1.0,777777,FAILED: 10040
2026-06-03T16:53:01.168775,SELL,EURUSD,1.16194,1.0,777777,FAILED: 10040
2026-06-03T16:53:01.289776,BUY,EURUSD,1.16196,1.0,777777,FAILED: 10040
2026-06-03T16:53:01.398777,SELL,EURUSD,1.16194,1.0,777777,FAILED: 10040
2026-06-03T16:53:01.507777,BUY,EURUSD,1.16196,1.0,777777,FAILED: 10040
2026-06-03T16:53:01.624778,SELL,EURUSD,1.16194,1.0,777777,FAILED: 10040
2026-06-03T16:53:01.731778,BUY,EURUSD,1.16196,1.0,777777,FAILED: 10040
2026-06-03T16:53:01.838779,SELL,EURUSD,1.16194,1.0,777777,FAILED: 10040
2026-06-03T16:53:01.945780,BUY,EURUSD,1.16196,1.0,777777,FAILED: 10040
2026-06-03T16:53:02.054780,SELL,EURUSD,1.16194,1.0,777777,FAILED: 10040
2026-06-03T16:53:02.162781,BUY,EURUSD,1.16196,1.0,777777,FAILED: 10040
2026-06-03T16:53:02.269781,SELL,EURUSD,1.16194,1.0,777777,FAILED: 10040
2026-06-03T16:53:02.378782,BUY,EURUSD,1.16196,1.0,777777,FAILED: 10040
2026-06-03T16:53:02.487782,SELL,EURUSD,1.16194,1.0,777777,FAILED: 10040
2026-06-03T16:53:02.593783,BUY,EURUSD,1.16196,1.0,777777,FAILED: 10040
2026-06-03T16:53:02.700783,SELL,EURUSD,1.16194,1.0,777777,FAILED: 10040
2026-06-03T16:53:02.807784,BUY,EURUSD,1.16196,1.0,777777,FAILED: 10040
2026-06-03T16:53:02.914785,SELL,EURUSD,1.16194,1.0,777777,FAILED: 10040
2026-06-03T16:53:03.026785,BUY,EURUSD,1.16197,1.0,777777,FAILED: 10040
2026-06-03T16:53:03.136786,SELL,EURUSD,1.16194,1.0,777777,FAILED: 10040
2026-06-03T16:53:03.243786,BUY,EURUSD,1.16196,1.0,777777,FAILED: 10040
2026-06-03T16:53:03.352787,SELL,EURUSD,1.16194,1.0,777777,FAILED: 10040
2026-06-03T16:53:03.468787,BUY,EURUSD,1.16196,1.0,777777,FAILED: 10040
2026-06-03T16:53:03.578788,SELL,EURUSD,1.16194,1.0,777777,FAILED: 10040
2026-06-03T16:53:03.685788,BUY,EURUSD,1.16196,1.0,777777,FAILED: 10040
2026-06-03T16:53:03.792789,SELL,EURUSD,1.16194,1.0,777777,FAILED: 10040
2026-06-03T16:53:03.902790,BUY,EURUSD,1.16196,1.0,777777,FAILED: 10040
2026-06-03T16:53:04.008790,SELL,EURUSD,1.16194,1.0,777777,FAILED: 10040
2026-06-03T16:53:04.119791,BUY,EURUSD,1.16196,1.0,777777,FAILED: 10040
2026-06-03T16:53:04.226791,SELL,EURUSD,1.16194,1.0,777777,FAILED: 10040
2026-06-03T16:53:04.333792,BUY,EURUSD,1.16196,1.0,777777,FAILED: 10040
2026-06-03T16:53:04.446792,SELL,EURUSD,1.16194,1.0,777777,FAILED: 10040
2026-06-03T16:53:04.555793,BUY,EURUSD,1.16196,1.0,777777,FAILED: 10040
2026-06-03T16:53:04.670794,SELL,EURUSD,1.16194,1.0,777777,FAILED: 10040
2026-06-03T16:53:04.782794,BUY,EURUSD,1.16196,1.0,777777,FAILED: 10040
2026-06-03T16:53:04.894795,SELL,EURUSD,1.16194,1.0,777777,FAILED: 10040
2026-06-03T16:53:05.007795,BUY,EURUSD,1.16196,1.0,777777,FAILED: 10040
2026-06-03T16:53:05.116796,SELL,EURUSD,1.16194,1.0,777777,FAILED: 10040
2026-06-03T16:53:05.246796,BUY,EURUSD,1.16196,1.0,777777,FAILED: 10040
2026-06-03T16:53:05.355797,SELL,EURUSD,1.16194,1.0,777777,FAILED: 10040
2026-06-03T16:53:05.464798,BUY,EURUSD,1.16196,1.0,777777,FAILED: 10040
2026-06-03T16:53:05.575798,SELL,EURUSD,1.16194,1.0,777777,FAILED: 10040
2026-06-03T16:53:05.692799,BUY,EURUSD,1.16197,1.0,777777,FAILED: 10040
2026-06-03T16:53:05.803799,SELL,EURUSD,1.16195,1.0,777777,FAILED: 10040
2026-06-03T16:53:05.908800,BUY,EURUSD,1.16197,1.0,777777,FAILED: 10040
2026-06-03T16:53:06.021800,SELL,EURUSD,1.16195,1.0,777777,FAILED: 10040
2026-06-03T16:53:06.133801,BUY,EURUSD,1.16197,1.0,777777,FAILED: 10040
2026-06-03T16:53:06.242802,SELL,EURUSD,1.16195,1.0,777777,FAILED: 10040
2026-06-03T16:53:06.350802,BUY,EURUSD,1.16197,1.0,777777,FAILED: 10040
2026-06-03T16:53:06.459803,SELL,EURUSD,1.16195,1.0,777777,FAILED: 10040
2026-06-03T16:53:06.570803,BUY,EURUSD,1.16197,1.0,777777,FAILED: 10040
2026-06-03T16:53:06.677804,SELL,EURUSD,1.16195,1.0,777777,FAILED: 10040
2026-06-03T16:53:06.784804,BUY,EURUSD,1.16197,1.0,777777,FAILED: 10040
2026-06-03T16:53:06.895805,SELL,EURUSD,1.16193,1.0,777777,FAILED: 10040
2026-06-03T16:53:07.005805,BUY,EURUSD,1.16195,1.0,777777,FAILED: 10040
2026-06-03T16:53:07.120806,SELL,EURUSD,1.16193,1.0,777777,FAILED: 10040
2026-06-03T16:53:07.228807,BUY,EURUSD,1.16195,1.0,777777,FAILED: 10040
2026-06-03T16:53:07.336807,SELL,EURUSD,1.16193,1.0,777777,FAILED: 10040
2026-06-03T16:53:07.448808,BUY,EURUSD,1.16195,1.0,777777,FAILED: 10040
2026-06-03T16:53:07.560808,SELL,EURUSD,1.16194,1.0,777777,FAILED: 10040
2026-06-03T16:53:07.668809,BUY,EURUSD,1.16196,1.0,777777,FAILED: 10040
2026-06-03T16:53:07.781809,SELL,EURUSD,1.16194,1.0,777777,FAILED: 10040
2026-06-03T16:53:07.893810,BUY,EURUSD,1.16196,1.0,777777,FAILED: 10040
2026-06-03T16:53:08.001810,SELL,EURUSD,1.16194,1.0,777777,FAILED: 10040
2026-06-03T16:53:08.118811,BUY,EURUSD,1.16196,1.0,777777,FAILED: 10040
2026-06-03T16:53:08.229812,SELL,EURUSD,1.16194,1.0,777777,FAILED: 10040
2026-06-03T16:53:08.336812,BUY,EURUSD,1.16196,1.0,777777,FAILED: 10040
2026-06-03T16:53:08.446813,SELL,EURUSD,1.16194,1.0,777777,FAILED: 10040
2026-06-03T16:53:08.552813,BUY,EURUSD,1.16196,1.0,777777,FAILED: 10040
2026-06-03T16:53:08.658814,SELL,EURUSD,1.16194,1.0,777777,FAILED: 10040
2026-06-03T16:53:08.772814,BUY,EURUSD,1.16195,1.0,777777,FAILED: 10040
2026-06-03T16:53:08.878815,SELL,EURUSD,1.16193,1.0,777777,FAILED: 10040
2026-06-03T16:53:08.987815,BUY,EURUSD,1.16195,1.0,777777,FAILED: 10040
2026-06-03T16:53:09.102816,SELL,EURUSD,1.16193,1.0,777777,FAILED: 10040
2026-06-03T16:53:09.249817,BUY,EURUSD,1.16196,1.0,777777,FAILED: 10040
2026-06-03T16:53:09.390817,SELL,EURUSD,1.16194,1.0,777777,FAILED: 10040
2026-06-03T16:53:09.536818,BUY,EURUSD,1.16196,1.0,777777,FAILED: 10040
2026-06-03T16:53:09.671819,SELL,EURUSD,1.16194,1.0,777777,FAILED: 10040
2026-06-03T16:53:09.780819,BUY,EURUSD,1.16196,1.0,777777,FAILED: 10040
2026-06-03T16:53:09.888820,SELL,EURUSD,1.16194,1.0,777777,FAILED: 10040
2026-06-03T16:53:09.995820,BUY,EURUSD,1.16196,1.0,777777,FAILED: 10040
2026-06-03T16:53:10.105821,SELL,EURUSD,1.16194,1.0,777777,FAILED: 10040
2026-06-03T16:53:10.221822,BUY,EURUSD,1.16197,1.0,777777,FAILED: 10040
2026-06-03T16:53:10.330822,SELL,EURUSD,1.16195,1.0,777777,FAILED: 10040
2026-06-03T16:53:10.440823,BUY,EURUSD,1.16197,1.0,777777,FAILED: 10040
2026-06-03T16:53:10.546823,SELL,EURUSD,1.16195,1.0,777777,FAILED: 10040
2026-06-03T16:53:10.653824,BUY,EURUSD,1.16197,1.0,777777,FAILED: 10040
2026-06-03T16:53:10.759824,SELL,EURUSD,1.16195,1.0,777777,FAILED: 10040
2026-06-03T16:53:10.866825,BUY,EURUSD,1.16197,1.0,777777,FAILED: 10040
2026-06-03T16:53:10.988825,SELL,EURUSD,1.16195,1.0,777777,FAILED: 10040
2026-06-03T16:53:11.108826,BUY,EURUSD,1.16197,1.0,777777,FAILED: 10040
2026-06-03T16:53:11.221827,SELL,EURUSD,1.16195,1.0,777777,FAILED: 10040
2026-06-03T16:53:11.330827,BUY,EURUSD,1.16197,1.0,777777,FAILED: 10040
2026-06-03T16:53:11.445828,SELL,EURUSD,1.16195,1.0,777777,FAILED: 10040
2026-06-03T16:53:11.550828,BUY,EURUSD,1.16197,1.0,777777,FAILED: 10040
2026-06-03T16:53:11.662829,SELL,EURUSD,1.16195,1.0,777777,FAILED: 10040
2026-06-03T16:53:11.782829,BUY,EURUSD,1.16197,1.0,777777,FAILED: 10040
2026-06-03T16:53:11.888830,SELL,EURUSD,1.16195,1.0,777777,FAILED: 10040
2026-06-03T16:53:11.995830,BUY,EURUSD,1.16197,1.0,777777,FAILED: 10040
2026-06-03T16:53:12.104831,SELL,EURUSD,1.16195,1.0,777777,FAILED: 10040
2026-06-03T16:53:12.212832,BUY,EURUSD,1.16197,1.0,777777,FAILED: 10040
2026-06-03T16:53:12.324832,SELL,EURUSD,1.16195,1.0,777777,FAILED: 10040
2026-06-03T16:53:12.430833,BUY,EURUSD,1.16197,1.0,777777,FAILED: 10040
2026-06-03T16:53:12.547833,SELL,EURUSD,1.16195,1.0,777777,FAILED: 10040
2026-06-03T16:53:12.674834,BUY,EURUSD,1.16197,1.0,777777,FAILED: 10040
2026-06-03T16:53:12.789834,SELL,EURUSD,1.16195,1.0,777777,FAILED: 10040
2026-06-03T16:53:12.901835,BUY,EURUSD,1.16197,1.0,777777,FAILED: 10040
2026-06-03T16:53:13.009835,SELL,EURUSD,1.16195,1.0,777777,FAILED: 10040
2026-06-03T16:53:13.116836,BUY,EURUSD,1.16197,1.0,777777,FAILED: 10040
2026-06-03T16:53:13.225837,SELL,EURUSD,1.16195,1.0,777777,FAILED: 10040
2026-06-03T16:53:13.340837,BUY,EURUSD,1.16197,1.0,777777,FAILED: 10040
2026-06-03T16:53:13.448838,SELL,EURUSD,1.16195,1.0,777777,FAILED: 10040
2026-06-03T16:53:13.572838,BUY,EURUSD,1.16197,1.0,777777,FAILED: 10040
2026-06-03T16:53:13.690839,SELL,EURUSD,1.16195,1.0,777777,FAILED: 10040
2026-06-03T16:53:13.799839,BUY,EURUSD,1.16197,1.0,777777,FAILED: 10040
2026-06-03T16:53:13.907840,SELL,EURUSD,1.16195,1.0,777777,FAILED: 10040
2026-06-03T16:53:14.030841,BUY,EURUSD,1.16197,1.0,777777,FAILED: 10040
2026-06-03T16:53:14.137841,SELL,EURUSD,1.16195,1.0,777777,FAILED: 10040
2026-06-03T16:53:14.244842,BUY,EURUSD,1.16197,1.0,777777,FAILED: 10040
2026-06-03T16:53:14.351842,SELL,EURUSD,1.16195,1.0,777777,FAILED: 10040
2026-06-03T16:53:14.460843,BUY,EURUSD,1.16197,1.0,777777,FAILED: 10040
2026-06-03T16:53:14.569843,SELL,EURUSD,1.16195,1.0,777777,FAILED: 10040
2026-06-03T16:53:14.676844,BUY,EURUSD,1.16197,1.0,777777,FAILED: 10040
2026-06-03T16:53:14.785844,SELL,EURUSD,1.16195,1.0,777777,FAILED: 10040
2026-06-03T16:53:14.894845,BUY,EURUSD,1.16197,1.0,777777,FAILED: 10040
2026-06-03T16:53:15.001845,SELL,EURUSD,1.16195,1.0,777777,FAILED: 10040
2026-06-03T16:53:15.109846,BUY,EURUSD,1.16197,1.0,777777,FAILED: 10040
2026-06-03T16:53:15.217846,SELL,EURUSD,1.16195,1.0,777777,FAILED: 10040
2026-06-03T16:53:15.328847,BUY,EURUSD,1.16197,1.0,777777,FAILED: 10040
2026-06-03T16:53:15.443847,SELL,EURUSD,1.16197,1.0,777777,FAILED: 10040
2026-06-03T16:53:15.554848,BUY,EURUSD,1.16199,1.0,777777,FAILED: 10040
2026-06-03T16:53:15.663849,SELL,EURUSD,1.16197,1.0,777777,FAILED: 10040
2026-06-03T16:53:15.770849,BUY,EURUSD,1.16199,1.0,777777,FAILED: 10040
2026-06-03T16:53:15.878850,SELL,EURUSD,1.16196,1.0,777777,FAILED: 10040
2026-06-03T16:53:15.990850,BUY,EURUSD,1.16198,1.0,777777,FAILED: 10040
2026-06-03T16:53:16.098851,SELL,EURUSD,1.16196,1.0,777777,FAILED: 10040
2026-06-03T16:53:16.219851,BUY,EURUSD,1.16198,1.0,777777,FAILED: 10040
2026-06-03T16:53:16.328852,SELL,EURUSD,1.16196,1.0,777777,FAILED: 10040
2026-06-03T16:53:16.437852,BUY,EURUSD,1.16198,1.0,777777,FAILED: 10040
2026-06-03T16:53:16.559853,SELL,EURUSD,1.16196,1.0,777777,FAILED: 10040
2026-06-03T16:53:16.693854,BUY,EURUSD,1.16198,1.0,777777,FAILED: 10040
2026-06-03T16:53:16.807854,SELL,EURUSD,1.16196,1.0,777777,FAILED: 10040
2026-06-03T16:53:16.914855,BUY,EURUSD,1.16198,1.0,777777,FAILED: 10040
2026-06-03T16:53:17.059855,SELL,EURUSD,1.16196,1.0,777777,FAILED: 10040
2026-06-03T16:53:17.167856,BUY,EURUSD,1.16198,1.0,777777,FAILED: 10040
2026-06-03T16:53:17.279856,SELL,EURUSD,1.16196,1.0,777777,FAILED: 10040
2026-06-03T16:53:17.395857,BUY,EURUSD,1.16197,1.0,777777,FAILED: 10040
2026-06-03T16:53:17.503858,SELL,EURUSD,1.16195,1.0,777777,FAILED: 10040
2026-06-03T16:53:17.618858,BUY,EURUSD,1.16197,1.0,777777,FAILED: 10040
2026-06-03T16:53:17.725859,SELL,EURUSD,1.16195,1.0,777777,FAILED: 10040
2026-06-03T16:53:17.832859,BUY,EURUSD,1.16197,1.0,777777,FAILED: 10040
2026-06-03T16:53:17.941860,SELL,EURUSD,1.16195,1.0,777777,FAILED: 10040
2026-06-03T16:53:18.049860,BUY,EURUSD,1.16197,1.0,777777,FAILED: 10040
2026-06-03T16:53:18.157861,SELL,EURUSD,1.16195,1.0,777777,FAILED: 10040
2026-06-03T16:53:18.265861,BUY,EURUSD,1.16197,1.0,777777,FAILED: 10040
2026-06-03T16:53:18.374862,SELL,EURUSD,1.16195,1.0,777777,FAILED: 10040
2026-06-03T16:53:18.487862,BUY,EURUSD,1.16197,1.0,777777,FAILED: 10040
2026-06-03T16:53:18.594863,SELL,EURUSD,1.16195,1.0,777777,FAILED: 10040
2026-06-03T16:53:18.708863,BUY,EURUSD,1.16197,1.0,777777,FAILED: 10040
2026-06-03T16:53:18.818864,SELL,EURUSD,1.16195,1.0,777777,FAILED: 10040
2026-06-03T16:53:18.927864,BUY,EURUSD,1.16197,1.0,777777,FAILED: 10040
2026-06-03T16:53:19.034865,SELL,EURUSD,1.16195,1.0,777777,FAILED: 10040
2026-06-03T16:53:19.141865,BUY,EURUSD,1.16197,1.0,777777,FAILED: 10040
2026-06-03T16:53:19.261866,SELL,EURUSD,1.16195,1.0,777777,FAILED: 10040
2026-06-03T16:53:19.384867,BUY,EURUSD,1.16197,1.0,777777,FAILED: 10040
2026-06-03T16:53:19.516867,SELL,EURUSD,1.16195,1.0,777777,FAILED: 10040
2026-06-03T16:53:19.628868,BUY,EURUSD,1.16197,1.0,777777,FAILED: 10040
2026-06-03T16:53:19.741868,SELL,EURUSD,1.16195,1.0,777777,FAILED: 10040
2026-06-03T16:53:19.846869,BUY,EURUSD,1.16197,1.0,777777,FAILED: 10040
2026-06-03T16:53:19.964869,SELL,EURUSD,1.16196,1.0,777777,FAILED: 10040
2026-06-03T16:53:20.102870,BUY,EURUSD,1.16198,1.0,777777,FAILED: 10040
2026-06-03T16:53:20.210871,SELL,EURUSD,1.16196,1.0,777777,FAILED: 10040
2026-06-03T16:53:20.315871,BUY,EURUSD,1.16198,1.0,777777,FAILED: 10040
2026-06-03T16:53:20.422872,SELL,EURUSD,1.16196,1.0,777777,FAILED: 10040
2026-06-03T16:53:20.528872,BUY,EURUSD,1.16198,1.0,777777,FAILED: 10040
2026-06-03T16:53:20.635873,SELL,EURUSD,1.16196,1.0,777777,FAILED: 10040
2026-06-03T16:53:20.784873,BUY,EURUSD,1.16199,1.0,777777,FAILED: 10040
2026-06-03T16:53:20.891874,SELL,EURUSD,1.16196,1.0,777777,FAILED: 10040
2026-06-03T16:53:20.999874,BUY,EURUSD,1.16199,1.0,777777,FAILED: 10040
2026-06-03T16:53:21.110875,SELL,EURUSD,1.16197,1.0,777777,FAILED: 10040
2026-06-03T16:53:21.245876,BUY,EURUSD,1.16198,1.0,777777,FAILED: 10040
2026-06-03T16:53:21.352876,SELL,EURUSD,1.16196,1.0,777777,FAILED: 10040
2026-06-03T16:53:21.458877,BUY,EURUSD,1.16198,1.0,777777,FAILED: 10040
2026-06-03T16:53:21.572877,SELL,EURUSD,1.16196,1.0,777777,FAILED: 10040
2026-06-03T16:53:21.693878,BUY,EURUSD,1.16198,1.0,777777,FAILED: 10040
2026-06-03T16:53:21.799878,SELL,EURUSD,1.16196,1.0,777777,FAILED: 10040
2026-06-03T16:53:21.904879,BUY,EURUSD,1.16198,1.0,777777,FAILED: 10040
2026-06-03T16:53:22.013879,SELL,EURUSD,1.16196,1.0,777777,FAILED: 10040
2026-06-03T16:53:22.121880,BUY,EURUSD,1.16198,1.0,777777,FAILED: 10040
2026-06-03T16:53:22.228880,SELL,EURUSD,1.16197,1.0,777777,FAILED: 10040
2026-06-03T16:53:22.334881,BUY,EURUSD,1.16199,1.0,777777,FAILED: 10040
2026-06-03T16:53:22.440881,SELL,EURUSD,1.16197,1.0,777777,FAILED: 10040
2026-06-03T16:53:22.577882,BUY,EURUSD,1.16199,1.0,777777,FAILED: 10040
2026-06-03T16:53:22.688882,SELL,EURUSD,1.16197,1.0,777777,FAILED: 10040
2026-06-03T16:53:22.805883,BUY,EURUSD,1.16199,1.0,777777,FAILED: 10040
2026-06-03T16:53:22.911883,SELL,EURUSD,1.16197,1.0,777777,FAILED: 10040
2026-06-03T16:53:23.017884,BUY,EURUSD,1.16199,1.0,777777,FAILED: 10040
2026-06-03T16:53:23.123884,SELL,EURUSD,1.16197,1.0,777777,FAILED: 10040
2026-06-03T16:53:23.230885,BUY,EURUSD,1.16199,1.0,777777,FAILED: 10040
2026-06-03T16:53:23.355886,SELL,EURUSD,1.16197,1.0,777777,FAILED: 10040
2026-06-03T16:53:23.469886,BUY,EURUSD,1.16199,1.0,777777,FAILED: 10040
2026-06-03T16:53:23.576887,SELL,EURUSD,1.16197,1.0,777777,FAILED: 10040
2026-06-03T16:53:23.683887,BUY,EURUSD,1.16199,1.0,777777,FAILED: 10040
2026-06-03T16:53:23.789888,SELL,EURUSD,1.16197,1.0,777777,FAILED: 10040
2026-06-03T16:53:23.915888,BUY,EURUSD,1.16199,1.0,777777,FAILED: 10040
2026-06-03T16:53:24.048889,SELL,EURUSD,1.16197,1.0,777777,FAILED: 10040
2026-06-03T16:53:24.155889,BUY,EURUSD,1.16199,1.0,777777,FAILED: 10040
2026-06-03T16:53:24.261890,SELL,EURUSD,1.16197,1.0,777777,FAILED: 10040
2026-06-03T16:53:24.368890,BUY,EURUSD,1.16199,1.0,777777,FAILED: 10040
2026-06-03T16:53:24.474891,SELL,EURUSD,1.16197,1.0,777777,FAILED: 10040
2026-06-03T16:53:24.584891,BUY,EURUSD,1.16199,1.0,777777,FAILED: 10040
2026-06-03T16:53:24.691892,SELL,EURUSD,1.16197,1.0,777777,FAILED: 10040
2026-06-03T16:53:24.796892,BUY,EURUSD,1.16199,1.0,777777,FAILED: 10040
2026-06-03T16:53:24.903893,SELL,EURUSD,1.16197,1.0,777777,FAILED: 10040
2026-06-03T16:53:25.013893,BUY,EURUSD,1.16199,1.0,777777,FAILED: 10040
2026-06-03T16:53:25.119894,SELL,EURUSD,1.16197,1.0,777777,FAILED: 10040
2026-06-03T16:53:25.227894,BUY,EURUSD,1.16199,1.0,777777,FAILED: 10040
2026-06-03T16:53:25.350895,SELL,EURUSD,1.16197,1.0,777777,FAILED: 10040
2026-06-03T16:53:25.455895,BUY,EURUSD,1.16199,1.0,777777,FAILED: 10040
2026-06-03T16:53:25.578896,SELL,EURUSD,1.16197,1.0,777777,FAILED: 10040
2026-06-03T16:53:25.684897,BUY,EURUSD,1.16199,1.0,777777,FAILED: 10040
2026-06-03T16:53:25.794897,SELL,EURUSD,1.16197,1.0,777777,FAILED: 10040
2026-06-03T16:53:25.901898,BUY,EURUSD,1.16199,1.0,777777,FAILED: 10040
2026-06-03T16:53:26.010898,SELL,EURUSD,1.16197,1.0,777777,FAILED: 10040
2026-06-03T16:53:26.119899,BUY,EURUSD,1.16199,1.0,777777,FAILED: 10040
2026-06-03T16:53:26.232899,SELL,EURUSD,1.16197,1.0,777777,FAILED: 10040
2026-06-03T16:53:26.338900,BUY,EURUSD,1.16199,1.0,777777,FAILED: 10040
2026-06-03T16:53:26.449900,SELL,EURUSD,1.16197,1.0,777777,FAILED: 10040
2026-06-03T16:53:26.561901,BUY,EURUSD,1.16199,1.0,777777,FAILED: 10040
2026-06-03T16:53:26.684901,SELL,EURUSD,1.16197,1.0,777777,FAILED: 10040
2026-06-03T16:53:26.835902,BUY,EURUSD,1.16199,1.0,777777,FAILED: 10040
2026-06-03T16:53:26.942902,SELL,EURUSD,1.16197,1.0,777777,FAILED: 10040
2026-06-03T16:53:27.055903,BUY,EURUSD,1.16199,1.0,777777,FAILED: 10040
2026-06-03T16:53:27.165903,SELL,EURUSD,1.16197,1.0,777777,FAILED: 10040
2026-06-03T16:53:27.274904,BUY,EURUSD,1.16199,1.0,777777,FAILED: 10040
2026-06-03T16:53:27.385904,SELL,EURUSD,1.16196,1.0,777777,FAILED: 10040
2026-06-03T16:53:27.537905,BUY,EURUSD,1.16199,1.0,777777,FAILED: 10040
2026-06-03T16:53:27.644906,SELL,EURUSD,1.16197,1.0,777777,FAILED: 10040
2026-06-03T16:53:27.752906,BUY,EURUSD,1.16199,1.0,777777,FAILED: 10040
2026-06-03T16:53:27.859907,SELL,EURUSD,1.16197,1.0,777777,FAILED: 10040
2026-06-03T16:53:27.966907,BUY,EURUSD,1.16199,1.0,777777,FAILED: 10040
2026-06-03T16:53:28.093908,SELL,EURUSD,1.16197,1.0,777777,FAILED: 10040
2026-06-03T16:53:28.201908,BUY,EURUSD,1.162,1.0,777777,FAILED: 10040
2026-06-03T16:53:28.329909,SELL,EURUSD,1.16197,1.0,777777,FAILED: 10040
2026-06-03T16:53:28.436909,BUY,EURUSD,1.16199,1.0,777777,FAILED: 10040
2026-06-03T16:53:28.542910,SELL,EURUSD,1.16197,1.0,777777,FAILED: 10040
2026-06-03T16:53:28.655910,BUY,EURUSD,1.16199,1.0,777777,FAILED: 10040
2026-06-03T16:53:28.762911,SELL,EURUSD,1.16197,1.0,777777,FAILED: 10040
2026-06-03T16:53:28.870911,BUY,EURUSD,1.16199,1.0,777777,FAILED: 10040
2026-06-03T16:53:29.022912,SELL,EURUSD,1.16197,1.0,777777,FAILED: 10040
2026-06-03T16:53:29.132913,BUY,EURUSD,1.16199,1.0,777777,FAILED: 10040
2026-06-03T16:53:29.239913,SELL,EURUSD,1.16197,1.0,777777,FAILED: 10040
2026-06-03T16:53:29.347914,BUY,EURUSD,1.16199,1.0,777777,FAILED: 10040
2026-06-03T16:53:29.467914,SELL,EURUSD,1.16197,1.0,777777,FAILED: 10040
2026-06-03T16:53:29.574915,BUY,EURUSD,1.16199,1.0,777777,FAILED: 10040
2026-06-03T16:53:29.699915,SELL,EURUSD,1.16197,1.0,777777,FAILED: 10040
2026-06-03T16:53:29.811916,BUY,EURUSD,1.16199,1.0,777777,FAILED: 10040
2026-06-03T16:53:29.917916,SELL,EURUSD,1.16197,1.0,777777,FAILED: 10040
2026-06-03T16:53:30.032917,BUY,EURUSD,1.16199,1.0,777777,FAILED: 10040
2026-06-03T16:53:30.140917,SELL,EURUSD,1.16197,1.0,777777,FAILED: 10040
2026-06-03T16:53:30.247918,BUY,EURUSD,1.16199,1.0,777777,FAILED: 10040
2026-06-03T16:53:30.372918,SELL,EURUSD,1.16197,1.0,777777,FAILED: 10040
2026-06-03T16:53:30.512919,BUY,EURUSD,1.16199,1.0,777777,FAILED: 10040
2026-06-03T16:53:30.620919,SELL,EURUSD,1.16197,1.0,777777,FAILED: 10040
2026-06-03T16:53:30.726920,BUY,EURUSD,1.16198,1.0,777777,FAILED: 10040
2026-06-03T16:53:30.835920,SELL,EURUSD,1.16196,1.0,777777,FAILED: 10040
2026-06-03T16:53:30.954921,BUY,EURUSD,1.16198,1.0,777777,FAILED: 10040
2026-06-03T16:53:31.063921,SELL,EURUSD,1.16196,1.0,777777,FAILED: 10040
2026-06-03T16:53:31.169922,BUY,EURUSD,1.16198,1.0,777777,FAILED: 10040
2026-06-03T16:53:31.298922,SELL,EURUSD,1.16197,1.0,777777,FAILED: 10040
2026-06-03T16:53:31.405923,BUY,EURUSD,1.16199,1.0,777777,FAILED: 10040
2026-06-03T16:53:31.516923,SELL,EURUSD,1.16197,1.0,777777,FAILED: 10040
2026-06-03T16:53:31.630924,BUY,EURUSD,1.16199,1.0,777777,FAILED: 10040
2026-06-03T16:53:31.737924,SELL,EURUSD,1.16197,1.0,777777,FAILED: 10040
2026-06-03T16:53:31.844925,BUY,EURUSD,1.16199,1.0,777777,FAILED: 10040
2026-06-03T16:53:31.951925,SELL,EURUSD,1.16197,1.0,777777,FAILED: 10040
2026-06-03T16:53:32.057926,BUY,EURUSD,1.16199,1.0,777777,FAILED: 10040
2026-06-03T16:53:32.206927,SELL,EURUSD,1.16197,1.0,777777,FAILED: 10040
2026-06-03T16:53:32.314927,BUY,EURUSD,1.16199,1.0,777777,FAILED: 10040
2026-06-03T16:53:32.421928,SELL,EURUSD,1.16197,1.0,777777,FAILED: 10040
2026-06-03T16:53:32.534928,BUY,EURUSD,1.16199,1.0,777777,FAILED: 10040
2026-06-03T16:53:32.641929,SELL,EURUSD,1.16197,1.0,777777,FAILED: 10040
2026-06-03T16:53:32.748929,BUY,EURUSD,1.16199,1.0,777777,FAILED: 10040
2026-06-03T16:53:32.855930,SELL,EURUSD,1.16197,1.0,777777,FAILED: 10040
2026-06-03T16:53:32.965930,BUY,EURUSD,1.16199,1.0,777777,FAILED: 10040
2026-06-03T16:53:33.085931,SELL,EURUSD,1.16197,1.0,777777,FAILED: 10040
2026-06-03T16:53:33.193931,BUY,EURUSD,1.16199,1.0,777777,FAILED: 10040
2026-06-03T16:53:33.312932,SELL,EURUSD,1.16197,1.0,777777,FAILED: 10040
2026-06-03T16:53:33.447932,BUY,EURUSD,1.16199,1.0,777777,FAILED: 10040
2026-06-03T16:53:33.555933,SELL,EURUSD,1.16197,1.0,777777,FAILED: 10040
2026-06-03T16:53:33.683933,BUY,EURUSD,1.16199,1.0,777777,FAILED: 10040
2026-06-03T16:53:33.791934,SELL,EURUSD,1.16197,1.0,777777,FAILED: 10040
2026-06-03T16:53:33.901934,BUY,EURUSD,1.16199,1.0,777777,FAILED: 10040
2026-06-03T16:53:34.065935,SELL,EURUSD,1.16196,1.0,777777,FAILED: 10040
2026-06-03T16:53:34.173936,BUY,EURUSD,1.16198,1.0,777777,FAILED: 10040
2026-06-03T16:53:34.279936,SELL,EURUSD,1.16196,1.0,777777,FAILED: 10040
2026-06-03T16:53:34.386937,BUY,EURUSD,1.16198,1.0,777777,FAILED: 10040
2026-06-03T16:53:34.514937,SELL,EURUSD,1.16196,1.0,777777,FAILED: 10040
2026-06-03T16:53:34.660938,BUY,EURUSD,1.16198,1.0,777777,FAILED: 10040
2026-06-03T16:53:34.768938,SELL,EURUSD,1.16197,1.0,777777,FAILED: 10040
2026-06-03T16:53:34.879939,BUY,EURUSD,1.16199,1.0,777777,FAILED: 10040
2026-06-03T16:53:35.005939,SELL,EURUSD,1.16197,1.0,777777,FAILED: 10040
2026-06-03T16:53:35.133940,BUY,EURUSD,1.16199,1.0,777777,FAILED: 10040
2026-06-03T16:53:35.257940,SELL,EURUSD,1.16197,1.0,777777,FAILED: 10040
2026-06-03T16:53:35.363941,BUY,EURUSD,1.16199,1.0,777777,FAILED: 10040
2026-06-03T16:53:35.473941,SELL,EURUSD,1.16197,1.0,777777,FAILED: 10040
2026-06-03T16:53:35.581942,BUY,EURUSD,1.16199,1.0,777777,FAILED: 10040
2026-06-03T16:53:35.690942,SELL,EURUSD,1.16197,1.0,777777,FAILED: 10040
2026-06-03T16:53:35.837943,BUY,EURUSD,1.16199,1.0,777777,FAILED: 10040
2026-06-03T16:53:35.943944,SELL,EURUSD,1.16197,1.0,777777,FAILED: 10040
2026-06-03T16:53:36.085944,BUY,EURUSD,1.16199,1.0,777777,FAILED: 10040
2026-06-03T16:53:36.195945,SELL,EURUSD,1.16197,1.0,777777,FAILED: 10040
2026-06-03T16:53:36.304945,BUY,EURUSD,1.16199,1.0,777777,FAILED: 10040
2026-06-03T16:53:36.412946,SELL,EURUSD,1.16197,1.0,777777,FAILED: 10040
2026-06-03T16:53:36.520946,BUY,EURUSD,1.16199,1.0,777777,FAILED: 10040
2026-06-03T16:53:36.627947,SELL,EURUSD,1.16197,1.0,777777,FAILED: 10040
2026-06-03T16:53:36.733947,BUY,EURUSD,1.16199,1.0,777777,FAILED: 10040
2026-06-03T16:53:36.850948,SELL,EURUSD,1.16197,1.0,777777,FAILED: 10040
2026-06-03T16:53:36.957948,BUY,EURUSD,1.16199,1.0,777777,FAILED: 10040
2026-06-03T16:53:37.066949,SELL,EURUSD,1.16197,1.0,777777,FAILED: 10040
2026-06-03T16:53:37.173949,BUY,EURUSD,1.16199,1.0,777777,FAILED: 10040
2026-06-03T16:53:37.281949,SELL,EURUSD,1.16197,1.0,777777,FAILED: 10040
2026-06-03T16:53:37.402950,BUY,EURUSD,1.16198,1.0,777777,FAILED: 10040
2026-06-03T16:53:37.509950,SELL,EURUSD,1.16196,1.0,777777,FAILED: 10040
2026-06-03T16:53:37.632951,BUY,EURUSD,1.16198,1.0,777777,FAILED: 10040
2026-06-03T16:53:37.741952,SELL,EURUSD,1.16196,1.0,777777,FAILED: 10040
2026-06-03T16:53:37.886952,BUY,EURUSD,1.16199,1.0,777777,FAILED: 10040
2026-06-03T16:53:37.994953,SELL,EURUSD,1.16197,1.0,777777,FAILED: 10040
2026-06-03T16:53:38.107953,BUY,EURUSD,1.16199,1.0,777777,FAILED: 10040
2026-06-03T16:53:38.213954,SELL,EURUSD,1.16197,1.0,777777,FAILED: 10040
2026-06-03T16:53:38.320954,BUY,EURUSD,1.16199,1.0,777777,FAILED: 10040
2026-06-03T16:53:38.430955,SELL,EURUSD,1.16197,1.0,777777,FAILED: 10040
2026-06-03T16:53:38.536955,BUY,EURUSD,1.16199,1.0,777777,FAILED: 10040
2026-06-03T16:53:38.641956,SELL,EURUSD,1.16197,1.0,777777,FAILED: 10040
2026-06-03T16:53:38.749956,BUY,EURUSD,1.16199,1.0,777777,FAILED: 10040
2026-06-03T16:53:38.876957,SELL,EURUSD,1.16197,1.0,777777,FAILED: 10040
2026-06-03T16:53:39.021957,BUY,EURUSD,1.16199,1.0,777777,FAILED: 10040
2026-06-03T16:53:39.142958,SELL,EURUSD,1.16197,1.0,777777,FAILED: 10040
2026-06-03T16:53:39.248958,BUY,EURUSD,1.16199,1.0,777777,FAILED: 10040
2026-06-03T16:53:39.362959,SELL,EURUSD,1.16197,1.0,777777,FAILED: 10040
2026-06-03T16:53:39.488959,BUY,EURUSD,1.16199,1.0,777777,FAILED: 10040
2026-06-03T16:53:39.604960,SELL,EURUSD,1.16197,1.0,777777,FAILED: 10040
2026-06-03T16:53:39.726960,BUY,EURUSD,1.16199,1.0,777777,FAILED: 10040
2026-06-03T16:53:39.833961,SELL,EURUSD,1.16197,1.0,777777,FAILED: 10040
2026-06-03T16:53:39.945961,BUY,EURUSD,1.16199,1.0,777777,FAILED: 10040
2026-06-03T16:53:40.077962,SELL,EURUSD,1.16197,1.0,777777,FAILED: 10040
2026-06-03T16:53:40.214962,BUY,EURUSD,1.16199,1.0,777777,FAILED: 10040
2026-06-03T16:53:40.331963,SELL,EURUSD,1.16197,1.0,777777,FAILED: 10040
2026-06-03T16:53:40.439963,BUY,EURUSD,1.16199,1.0,777777,FAILED: 10040
2026-06-03T16:53:40.545964,SELL,EURUSD,1.16197,1.0,777777,FAILED: 10040
2026-06-03T16:53:40.652964,BUY,EURUSD,1.16199,1.0,777777,FAILED: 10040
2026-06-03T16:53:40.760965,SELL,EURUSD,1.16197,1.0,777777,FAILED: 10040
2026-06-03T16:53:40.867965,BUY,EURUSD,1.16199,1.0,777777,FAILED: 10040
2026-06-03T16:53:40.974966,SELL,EURUSD,1.16197,1.0,777777,FAILED: 10040
2026-06-03T16:53:41.126966,BUY,EURUSD,1.16199,1.0,777777,FAILED: 10040
2026-06-03T16:53:41.246967,SELL,EURUSD,1.16197,1.0,777777,FAILED: 10040
2026-06-03T16:53:41.353967,BUY,EURUSD,1.16199,1.0,777777,FAILED: 10040
2026-06-03T16:53:41.484968,SELL,EURUSD,1.16197,1.0,777777,FAILED: 10040
2026-06-03T16:53:41.603969,BUY,EURUSD,1.16199,1.0,777777,FAILED: 10040
2026-06-03T16:53:41.736969,SELL,EURUSD,1.16197,1.0,777777,FAILED: 10040
2026-06-03T16:53:41.842970,BUY,EURUSD,1.16199,1.0,777777,FAILED: 10040
2026-06-03T16:53:41.948970,SELL,EURUSD,1.16195,1.0,777777,FAILED: 10040
2026-06-03T16:53:42.088971,BUY,EURUSD,1.16198,1.0,777777,FAILED: 10040
2026-06-03T16:53:42.235971,SELL,EURUSD,1.16197,1.0,777777,FAILED: 10040
2026-06-03T16:53:42.341972,BUY,EURUSD,1.16198,1.0,777777,FAILED: 10040
2026-06-03T16:53:42.450972,SELL,EURUSD,1.16196,1.0,777777,FAILED: 10040
2026-06-03T16:53:42.582973,BUY,EURUSD,1.16198,1.0,777777,FAILED: 10040
2026-06-03T16:53:42.720973,SELL,EURUSD,1.16196,1.0,777777,FAILED: 10040
2026-06-03T16:53:42.830974,BUY,EURUSD,1.16198,1.0,777777,FAILED: 10040
2026-06-03T16:53:42.940974,SELL,EURUSD,1.16196,1.0,777777,FAILED: 10040
2026-06-03T16:53:43.048975,BUY,EURUSD,1.16198,1.0,777777,FAILED: 10040
2026-06-03T16:53:43.177975,SELL,EURUSD,1.16196,1.0,777777,FAILED: 10040
2026-06-03T16:53:43.285976,BUY,EURUSD,1.16198,1.0,777777,FAILED: 10040
2026-06-03T16:53:43.391976,SELL,EURUSD,1.16196,1.0,777777,FAILED: 10040
2026-06-03T16:53:43.519977,BUY,EURUSD,1.16198,1.0,777777,FAILED: 10040
2026-06-03T16:53:43.663977,SELL,EURUSD,1.16196,1.0,777777,FAILED: 10040
2026-06-03T16:53:43.770978,BUY,EURUSD,1.16198,1.0,777777,FAILED: 10040
2026-06-03T16:53:43.880978,SELL,EURUSD,1.16196,1.0,777777,FAILED: 10040
2026-06-03T16:53:43.987979,BUY,EURUSD,1.16198,1.0,777777,FAILED: 10040
2026-06-03T16:53:44.136980,SELL,EURUSD,1.16196,1.0,777777,FAILED: 10040
2026-06-03T16:53:44.251980,BUY,EURUSD,1.16198,1.0,777777,FAILED: 10040
2026-06-03T16:53:44.381981,SELL,EURUSD,1.16196,1.0,777777,FAILED: 10040
2026-06-03T16:53:44.494981,BUY,EURUSD,1.16198,1.0,777777,FAILED: 10040
2026-06-03T16:53:44.605982,SELL,EURUSD,1.16196,1.0,777777,FAILED: 10040
2026-06-03T16:53:44.760982,BUY,EURUSD,1.16198,1.0,777777,FAILED: 10040
2026-06-03T16:53:44.866983,SELL,EURUSD,1.16196,1.0,777777,FAILED: 10040
2026-06-03T16:53:44.976983,BUY,EURUSD,1.16198,1.0,777777,FAILED: 10040
2026-06-03T16:53:45.090984,SELL,EURUSD,1.16197,1.0,777777,FAILED: 10040
2026-06-03T16:53:45.308985,BUY,EURUSD,1.16199,1.0,777777,FAILED: 10040
2026-06-03T16:53:45.431985,SELL,EURUSD,1.16197,1.0,777777,FAILED: 10040
2026-06-03T16:53:45.541986,BUY,EURUSD,1.16198,1.0,777777,FAILED: 10040
2026-06-03T16:53:45.697986,SELL,EURUSD,1.16196,1.0,777777,FAILED: 10040
2026-06-03T16:53:45.803987,BUY,EURUSD,1.16198,1.0,777777,FAILED: 10040
2026-06-03T16:53:45.910987,SELL,EURUSD,1.16196,1.0,777777,FAILED: 10040
2026-06-03T16:53:46.035988,BUY,EURUSD,1.16198,1.0,777777,FAILED: 10040
2026-06-03T16:53:46.171988,SELL,EURUSD,1.16196,1.0,777777,FAILED: 10040
2026-06-03T16:53:46.302989,BUY,EURUSD,1.16198,1.0,777777,FAILED: 10040
2026-06-03T16:53:46.409989,SELL,EURUSD,1.16196,1.0,777777,FAILED: 10040
2026-06-03T16:53:46.517990,BUY,EURUSD,1.16198,1.0,777777,FAILED: 10040
2026-06-03T16:53:46.622990,SELL,EURUSD,1.16196,1.0,777777,FAILED: 10040
2026-06-03T16:53:46.728991,BUY,EURUSD,1.16198,1.0,777777,FAILED: 10040
2026-06-03T16:53:46.838991,SELL,EURUSD,1.16196,1.0,777777,FAILED: 10040
2026-06-03T16:53:46.944992,BUY,EURUSD,1.16198,1.0,777777,FAILED: 10040
2026-06-03T16:53:47.097992,SELL,EURUSD,1.16196,1.0,777777,FAILED: 10040
2026-06-03T16:53:47.203993,BUY,EURUSD,1.16198,1.0,777777,FAILED: 10040
2026-06-03T16:53:47.312993,SELL,EURUSD,1.16196,1.0,777777,FAILED: 10040
2026-06-03T16:53:47.431994,BUY,EURUSD,1.16198,1.0,777777,FAILED: 10040
2026-06-03T16:53:47.558994,SELL,EURUSD,1.16196,1.0,777777,FAILED: 10040
2026-06-03T16:53:47.694995,BUY,EURUSD,1.16198,1.0,777777,FAILED: 10040
2026-06-03T16:53:47.849995,SELL,EURUSD,1.16196,1.0,777777,FAILED: 10040
2026-06-03T16:53:47.956996,BUY,EURUSD,1.16198,1.0,777777,FAILED: 10040
2026-06-03T16:53:48.062996,SELL,EURUSD,1.16196,1.0,777777,FAILED: 10040
2026-06-03T16:53:48.169997,BUY,EURUSD,1.16198,1.0,777777,FAILED: 10040
2026-06-03T16:53:48.274997,SELL,EURUSD,1.16196,1.0,777777,FAILED: 10040
2026-06-03T16:53:48.417998,BUY,EURUSD,1.16198,1.0,777777,FAILED: 10040
2026-06-03T16:53:48.522998,SELL,EURUSD,1.16196,1.0,777777,FAILED: 10040
2026-06-03T16:53:48.654999,BUY,EURUSD,1.16198,1.0,777777,FAILED: 10040
2026-06-03T16:53:48.762999,SELL,EURUSD,1.16196,1.0,777777,FAILED: 10040
2026-06-03T16:53:48.878000,BUY,EURUSD,1.16198,1.0,777777,FAILED: 10040
2026-06-03T16:53:49.015000,SELL,EURUSD,1.16196,1.0,777777,FAILED: 10040
2026-06-03T16:53:49.120001,BUY,EURUSD,1.16198,1.0,777777,FAILED: 10040
2026-06-03T16:53:49.259001,SELL,EURUSD,1.16196,1.0,777777,FAILED: 10040
2026-06-03T16:53:49.364002,BUY,EURUSD,1.16198,1.0,777777,FAILED: 10040
2026-06-03T16:53:49.471002,SELL,EURUSD,1.16196,1.0,777777,FAILED: 10040
2026-06-03T16:53:49.598003,BUY,EURUSD,1.16198,1.0,777777,FAILED: 10040
2026-06-03T16:53:49.734003,SELL,EURUSD,1.16196,1.0,777777,FAILED: 10040
2026-06-03T16:53:49.848004,BUY,EURUSD,1.16199,1.0,777777,FAILED: 10040
2026-06-03T16:53:49.955004,SELL,EURUSD,1.16197,1.0,777777,FAILED: 10040
2026-06-03T16:53:50.096005,BUY,EURUSD,1.16199,1.0,777777,FAILED: 10040
2026-06-03T16:53:50.244006,SELL,EURUSD,1.16197,1.0,777777,FAILED: 10040
2026-06-03T16:53:50.350006,BUY,EURUSD,1.16199,1.0,777777,FAILED: 10040
2026-06-03T16:53:50.458006,SELL,EURUSD,1.16197,1.0,777777,FAILED: 10040
2026-06-03T16:53:50.565007,BUY,EURUSD,1.16199,1.0,777777,FAILED: 10040
2026-06-03T16:53:50.673007,SELL,EURUSD,1.16197,1.0,777777,FAILED: 10040
2026-06-03T16:53:50.851008,BUY,EURUSD,1.16199,1.0,777777,FAILED: 10040
2026-06-03T16:53:50.961009,SELL,EURUSD,1.16197,1.0,777777,FAILED: 10040
2026-06-03T16:53:51.106009,BUY,EURUSD,1.16199,1.0,777777,FAILED: 10040
2026-06-03T16:53:51.229010,SELL,EURUSD,1.16197,1.0,777777,FAILED: 10040
2026-06-03T16:53:51.336010,BUY,EURUSD,1.16199,1.0,777777,FAILED: 10040
2026-06-03T16:53:51.442011,SELL,EURUSD,1.16197,1.0,777777,FAILED: 10040
2026-06-03T16:53:51.581011,BUY,EURUSD,1.16199,1.0,777777,FAILED: 10040
2026-06-03T16:53:51.688012,SELL,EURUSD,1.16197,1.0,777777,FAILED: 10040
2026-06-03T16:53:51.815012,BUY,EURUSD,1.16199,1.0,777777,FAILED: 10040
2026-06-03T16:53:51.922013,SELL,EURUSD,1.16197,1.0,777777,FAILED: 10040
2026-06-03T16:53:52.039013,BUY,EURUSD,1.16198,1.0,777777,FAILED: 10040
2026-06-03T16:53:52.145013,SELL,EURUSD,1.16196,1.0,777777,FAILED: 10040
2026-06-03T16:53:52.287014,BUY,EURUSD,1.16198,1.0,777777,FAILED: 10040
2026-06-03T16:53:52.395014,SELL,EURUSD,1.16196,1.0,777777,FAILED: 10040
2026-06-03T16:53:52.594015,BUY,EURUSD,1.16198,1.0,777777,FAILED: 10040
2026-06-03T16:53:52.766016,SELL,EURUSD,1.16196,1.0,777777,FAILED: 10040
2026-06-03T16:53:52.885017,BUY,EURUSD,1.16198,1.0,777777,FAILED: 10040
2026-06-03T16:53:53.012017,SELL,EURUSD,1.16196,1.0,777777,FAILED: 10040
2026-06-03T16:53:53.129018,BUY,EURUSD,1.16198,1.0,777777,FAILED: 10040
2026-06-03T16:53:53.241018,SELL,EURUSD,1.16196,1.0,777777,FAILED: 10040
2026-06-03T16:53:53.351018,BUY,EURUSD,1.16198,1.0,777777,FAILED: 10040
2026-06-03T16:53:53.467019,SELL,EURUSD,1.16196,1.0,777777,FAILED: 10040
2026-06-03T16:53:53.578019,BUY,EURUSD,1.16198,1.0,777777,FAILED: 10040
2026-06-03T16:53:53.693020,SELL,EURUSD,1.16196,1.0,777777,FAILED: 10040
2026-06-03T16:53:53.809020,BUY,EURUSD,1.16198,1.0,777777,FAILED: 10040
2026-06-03T16:53:53.921021,SELL,EURUSD,1.16196,1.0,777777,FAILED: 10040
2026-06-03T16:53:54.028021,BUY,EURUSD,1.16198,1.0,777777,FAILED: 10040
2026-06-03T16:53:54.146022,SELL,EURUSD,1.16196,1.0,777777,FAILED: 10040
2026-06-03T16:53:54.259022,BUY,EURUSD,1.16198,1.0,777777,FAILED: 10040
2026-06-03T16:53:54.378023,SELL,EURUSD,1.16196,1.0,777777,FAILED: 10040
2026-06-03T16:53:54.490023,BUY,EURUSD,1.16198,1.0,777777,FAILED: 10040
2026-06-03T16:53:54.598024,SELL,EURUSD,1.16196,1.0,777777,FAILED: 10040
2026-06-03T16:53:54.707024,BUY,EURUSD,1.16198,1.0,777777,FAILED: 10040
2026-06-03T16:53:54.840025,SELL,EURUSD,1.16196,1.0,777777,FAILED: 10040
2026-06-03T16:53:54.953025,BUY,EURUSD,1.16198,1.0,777777,FAILED: 10040
2026-06-03T16:53:55.070026,SELL,EURUSD,1.16196,1.0,777777,FAILED: 10040
2026-06-03T16:53:55.182026,BUY,EURUSD,1.16198,1.0,777777,FAILED: 10040
2026-06-03T16:53:55.289026,SELL,EURUSD,1.16196,1.0,777777,FAILED: 10040
2026-06-03T16:53:55.401027,BUY,EURUSD,1.16198,1.0,777777,FAILED: 10040
2026-06-03T16:53:55.512027,SELL,EURUSD,1.16196,1.0,777777,FAILED: 10040
2026-06-03T16:53:55.633028,BUY,EURUSD,1.16198,1.0,777777,FAILED: 10040
2026-06-03T16:53:55.742028,SELL,EURUSD,1.16196,1.0,777777,FAILED: 10040
2026-06-03T16:53:55.866029,BUY,EURUSD,1.16198,1.0,777777,FAILED: 10040
2026-06-03T16:53:55.985029,SELL,EURUSD,1.16196,1.0,777777,FAILED: 10040
2026-06-03T16:53:56.117030,BUY,EURUSD,1.16198,1.0,777777,FAILED: 10040
2026-06-03T16:53:56.225030,SELL,EURUSD,1.16196,1.0,777777,FAILED: 10040
2026-06-03T16:53:56.334031,BUY,EURUSD,1.16198,1.0,777777,FAILED: 10040
2026-06-03T16:53:56.444031,SELL,EURUSD,1.16196,1.0,777777,FAILED: 10040
2026-06-03T16:53:56.559032,BUY,EURUSD,1.16198,1.0,777777,FAILED: 10040
2026-06-03T16:53:56.665032,SELL,EURUSD,1.16196,1.0,777777,FAILED: 10040
2026-06-03T16:53:56.772032,BUY,EURUSD,1.16198,1.0,777777,FAILED: 10040
2026-06-03T16:53:56.879033,SELL,EURUSD,1.16196,1.0,777777,FAILED: 10040
2026-06-03T16:53:56.986033,BUY,EURUSD,1.16198,1.0,777777,FAILED: 10040
2026-06-03T16:53:57.107034,SELL,EURUSD,1.16196,1.0,777777,FAILED: 10040
2026-06-03T16:53:57.222034,BUY,EURUSD,1.16198,1.0,777777,FAILED: 10040
2026-06-03T16:53:57.331035,SELL,EURUSD,1.16196,1.0,777777,FAILED: 10040
2026-06-03T16:53:57.440035,BUY,EURUSD,1.16198,1.0,777777,FAILED: 10040
2026-06-03T16:53:57.554036,SELL,EURUSD,1.16196,1.0,777777,FAILED: 10040
2026-06-03T16:53:57.663036,BUY,EURUSD,1.16198,1.0,777777,FAILED: 10040
2026-06-03T16:53:57.774037,SELL,EURUSD,1.16196,1.0,777777,FAILED: 10040
2026-06-03T16:53:57.889037,BUY,EURUSD,1.16198,1.0,777777,FAILED: 10040
2026-06-03T16:53:57.998037,SELL,EURUSD,1.16196,1.0,777777,FAILED: 10040
2026-06-03T16:53:58.108038,BUY,EURUSD,1.16198,1.0,777777,FAILED: 10040
2026-06-03T16:53:58.215038,SELL,EURUSD,1.16196,1.0,777777,FAILED: 10040
2026-06-03T16:53:58.324039,BUY,EURUSD,1.16198,1.0,777777,FAILED: 10040
2026-06-03T16:53:58.433039,SELL,EURUSD,1.16196,1.0,777777,FAILED: 10040
2026-06-03T16:53:58.541040,BUY,EURUSD,1.16198,1.0,777777,FAILED: 10040
2026-06-03T16:53:58.654040,SELL,EURUSD,1.16196,1.0,777777,FAILED: 10040
2026-06-03T16:53:58.769041,BUY,EURUSD,1.16198,1.0,777777,FAILED: 10040
2026-06-03T16:53:58.877041,SELL,EURUSD,1.16196,1.0,777777,FAILED: 10040
2026-06-03T16:53:58.988041,BUY,EURUSD,1.16198,1.0,777777,FAILED: 10040
2026-06-03T16:53:59.102042,SELL,EURUSD,1.16196,1.0,777777,FAILED: 10040
2026-06-03T16:53:59.216042,BUY,EURUSD,1.16198,1.0,777777,FAILED: 10040
2026-06-03T16:53:59.325043,SELL,EURUSD,1.16196,1.0,777777,FAILED: 10040
2026-06-03T16:53:59.434043,BUY,EURUSD,1.16198,1.0,777777,FAILED: 10040
2026-06-03T16:53:59.566044,SELL,EURUSD,1.16196,1.0,777777,FAILED: 10040
2026-06-03T16:53:59.674044,BUY,EURUSD,1.16198,1.0,777777,FAILED: 10040
2026-06-03T16:53:59.783045,SELL,EURUSD,1.16196,1.0,777777,FAILED: 10040
2026-06-03T16:53:59.891045,BUY,EURUSD,1.16198,1.0,777777,FAILED: 10040
2026-06-03T16:53:59.998046,SELL,EURUSD,1.16196,1.0,777777,FAILED: 10040
2026-06-03T16:54:00.114046,BUY,EURUSD,1.16198,1.0,777777,FAILED: 10040
2026-06-03T16:54:00.222046,SELL,EURUSD,1.16196,1.0,777777,FAILED: 10040
2026-06-03T16:54:00.347047,BUY,EURUSD,1.16198,1.0,777777,FAILED: 10040
2026-06-03T16:54:00.471047,SELL,EURUSD,1.16197,1.0,777777,FAILED: 10040
2026-06-03T16:54:00.580048,BUY,EURUSD,1.16199,1.0,777777,FAILED: 10040
2026-06-03T16:54:00.692048,SELL,EURUSD,1.16197,1.0,777777,FAILED: 10040
2026-06-03T16:54:00.800049,BUY,EURUSD,1.16199,1.0,777777,FAILED: 10040
2026-06-03T16:54:00.919049,SELL,EURUSD,1.16197,1.0,777777,FAILED: 10040
2026-06-03T16:54:01.034050,BUY,EURUSD,1.16198,1.0,777777,FAILED: 10040
2026-06-03T16:54:01.141050,SELL,EURUSD,1.16196,1.0,777777,FAILED: 10040
2026-06-03T16:54:01.251051,BUY,EURUSD,1.16198,1.0,777777,FAILED: 10040
2026-06-03T16:54:01.368051,SELL,EURUSD,1.16196,1.0,777777,FAILED: 10040
2026-06-03T16:54:01.478051,BUY,EURUSD,1.16198,1.0,777777,FAILED: 10040
2026-06-03T16:54:01.589052,SELL,EURUSD,1.16196,1.0,777777,FAILED: 10040
2026-06-03T16:54:01.696052,BUY,EURUSD,1.16198,1.0,777777,FAILED: 10040
2026-06-03T16:54:01.804053,SELL,EURUSD,1.16196,1.0,777777,FAILED: 10040
2026-06-03T16:54:01.913053,BUY,EURUSD,1.16198,1.0,777777,FAILED: 10040
2026-06-03T16:54:02.020054,SELL,EURUSD,1.16196,1.0,777777,FAILED: 10040
2026-06-03T16:54:02.131054,BUY,EURUSD,1.16198,1.0,777777,FAILED: 10040
2026-06-03T16:54:02.244054,SELL,EURUSD,1.16196,1.0,777777,FAILED: 10040
2026-06-03T16:54:02.375055,BUY,EURUSD,1.16199,1.0,777777,FAILED: 10040
2026-06-03T16:54:02.484055,SELL,EURUSD,1.16197,1.0,777777,FAILED: 10040
2026-06-03T16:54:02.591056,BUY,EURUSD,1.16199,1.0,777777,FAILED: 10040
2026-06-03T16:54:02.697056,SELL,EURUSD,1.16197,1.0,777777,FAILED: 10040
2026-06-03T16:54:02.821057,BUY,EURUSD,1.16199,1.0,777777,FAILED: 10040
2026-06-03T16:54:02.933057,SELL,EURUSD,1.16197,1.0,777777,FAILED: 10040
2026-06-03T16:54:03.045058,BUY,EURUSD,1.16199,1.0,777777,FAILED: 10040
2026-06-03T16:54:03.152058,SELL,EURUSD,1.16197,1.0,777777,FAILED: 10040
2026-06-03T16:54:03.270059,BUY,EURUSD,1.16199,1.0,777777,FAILED: 10040
2026-06-03T16:54:03.381059,SELL,EURUSD,1.16197,1.0,777777,FAILED: 10040
2026-06-03T16:54:03.493059,BUY,EURUSD,1.16199,1.0,777777,FAILED: 10040
2026-06-03T16:54:03.609060,SELL,EURUSD,1.16197,1.0,777777,FAILED: 10040
2026-06-03T16:54:03.718060,BUY,EURUSD,1.16199,1.0,777777,FAILED: 10040
2026-06-03T16:54:03.828061,SELL,EURUSD,1.16197,1.0,777777,FAILED: 10040
2026-06-03T16:54:03.939061,BUY,EURUSD,1.16199,1.0,777777,FAILED: 10040
2026-06-03T16:54:04.054062,SELL,EURUSD,1.16197,1.0,777777,FAILED: 10040
2026-06-03T16:54:04.164062,BUY,EURUSD,1.16199,1.0,777777,FAILED: 10040
2026-06-03T16:54:04.272062,SELL,EURUSD,1.16197,1.0,777777,FAILED: 10040
2026-06-03T16:54:04.380063,BUY,EURUSD,1.16199,1.0,777777,FAILED: 10040
2026-06-03T16:54:04.488063,SELL,EURUSD,1.16197,1.0,777777,FAILED: 10040
2026-06-03T16:54:04.597064,BUY,EURUSD,1.16199,1.0,777777,FAILED: 10040
2026-06-03T16:54:04.706064,SELL,EURUSD,1.16197,1.0,777777,FAILED: 10040
2026-06-03T16:54:04.816065,BUY,EURUSD,1.16199,1.0,777777,FAILED: 10040
2026-06-03T16:54:04.926065,SELL,EURUSD,1.16197,1.0,777777,FAILED: 10040
2026-06-03T16:54:05.105066,BUY,EURUSD,1.16199,1.0,777777,FAILED: 10040
2026-06-03T16:54:05.218066,SELL,EURUSD,1.16197,1.0,777777,FAILED: 10040
2026-06-03T16:54:05.342067,BUY,EURUSD,1.16199,1.0,777777,FAILED: 10040
2026-06-03T16:54:14.318101,BUY,EURUSD,1.16199,2.5,777777,FAILED: 10040
2026-06-03T16:54:14.428101,SELL,EURUSD,1.16197,2.5,777777,FAILED: 10040
2026-06-03T16:54:14.538102,BUY,EURUSD,1.16199,2.5,777777,FAILED: 10040
2026-06-03T16:54:14.647102,SELL,EURUSD,1.16197,2.5,777777,FAILED: 10040
2026-06-03T16:54:14.756103,BUY,EURUSD,1.162,2.5,777777,FAILED: 10040
2026-06-03T16:54:14.865103,SELL,EURUSD,1.16198,2.5,777777,FAILED: 10040
2026-06-03T16:54:14.974103,BUY,EURUSD,1.162,2.5,777777,FAILED: 10040
2026-06-03T16:54:15.085104,SELL,EURUSD,1.16198,2.5,777777,FAILED: 10040
2026-06-03T16:54:15.195104,BUY,EURUSD,1.162,2.5,777777,FAILED: 10040
2026-06-03T16:54:15.304105,SELL,EURUSD,1.16198,2.5,777777,FAILED: 10040
2026-06-03T16:54:15.416105,BUY,EURUSD,1.16199,2.5,777777,FAILED: 10040
2026-06-03T16:54:15.527106,SELL,EURUSD,1.16197,2.5,777777,FAILED: 10040
2026-06-03T16:54:15.634106,BUY,EURUSD,1.16199,2.5,777777,FAILED: 10040
2026-06-03T16:54:15.742106,SELL,EURUSD,1.16197,2.5,777777,FAILED: 10040
2026-06-03T16:54:15.864107,BUY,EURUSD,1.162,2.5,777777,FAILED: 10040
2026-06-03T16:54:15.971107,SELL,EURUSD,1.16198,2.5,777777,FAILED: 10040
2026-06-03T16:54:16.082108,BUY,EURUSD,1.162,2.5,777777,FAILED: 10040
2026-06-03T16:54:16.190108,SELL,EURUSD,1.16198,2.5,777777,FAILED: 10040
2026-06-03T16:54:16.311108,BUY,EURUSD,1.162,2.5,777777,FAILED: 10040
2026-06-03T16:54:16.425109,SELL,EURUSD,1.16198,2.5,777777,FAILED: 10040
2026-06-03T16:54:16.536109,BUY,EURUSD,1.162,2.5,777777,FAILED: 10040
2026-06-03T16:54:16.645110,SELL,EURUSD,1.16198,2.5,777777,FAILED: 10040
2026-06-03T16:54:16.755110,BUY,EURUSD,1.162,2.5,777777,FAILED: 10040
2026-06-03T16:54:16.863110,SELL,EURUSD,1.16198,2.5,777777,FAILED: 10040
2026-06-03T16:54:16.981111,BUY,EURUSD,1.162,2.5,777777,FAILED: 10040
2026-06-03T16:54:17.091111,SELL,EURUSD,1.16198,2.5,777777,FAILED: 10040
2026-06-03T16:54:17.199112,BUY,EURUSD,1.162,2.5,777777,FAILED: 10040
2026-06-03T16:54:17.306112,SELL,EURUSD,1.16198,2.5,777777,FAILED: 10040
2026-06-03T16:54:17.413113,BUY,EURUSD,1.162,2.5,777777,FAILED: 10040
2026-06-03T16:54:17.520113,SELL,EURUSD,1.16198,2.5,777777,FAILED: 10040
2026-06-03T16:54:17.631113,BUY,EURUSD,1.162,2.5,777777,FAILED: 10040
2026-06-03T16:54:17.741114,SELL,EURUSD,1.16198,2.5,777777,FAILED: 10040
2026-06-03T16:54:17.850114,BUY,EURUSD,1.162,2.5,777777,FAILED: 10040
2026-06-03T16:54:17.956115,SELL,EURUSD,1.16198,2.5,777777,FAILED: 10040
2026-06-03T16:54:18.061115,BUY,EURUSD,1.162,2.5,777777,FAILED: 10040
2026-06-03T16:54:18.177115,SELL,EURUSD,1.16198,2.5,777777,FAILED: 10040
2026-06-03T16:54:18.285116,BUY,EURUSD,1.162,2.5,777777,FAILED: 10040
2026-06-03T16:54:18.391116,SELL,EURUSD,1.16198,2.5,777777,FAILED: 10040
2026-06-03T16:54:18.500116,BUY,EURUSD,1.162,2.5,777777,FAILED: 10040
2026-06-03T16:54:18.605117,SELL,EURUSD,1.16198,2.5,777777,FAILED: 10040
2026-06-03T16:54:18.722117,BUY,EURUSD,1.162,2.5,777777,FAILED: 10040
2026-06-03T16:54:18.832118,SELL,EURUSD,1.16198,2.5,777777,FAILED: 10040
2026-06-03T16:54:18.944118,BUY,EURUSD,1.162,2.5,777777,FAILED: 10040
2026-06-03T16:54:19.051119,SELL,EURUSD,1.16198,2.5,777777,FAILED: 10040
2026-06-03T16:54:19.164119,BUY,EURUSD,1.162,2.5,777777,FAILED: 10040
2026-06-03T16:54:19.274119,SELL,EURUSD,1.16198,2.5,777777,FAILED: 10040
2026-06-03T16:54:19.383120,BUY,EURUSD,1.162,2.5,777777,FAILED: 10040
2026-06-03T16:54:19.492120,SELL,EURUSD,1.16198,2.5,777777,FAILED: 10040
2026-06-03T16:54:19.603121,BUY,EURUSD,1.162,2.5,777777,FAILED: 10040
2026-06-03T16:54:19.717121,SELL,EURUSD,1.16198,2.5,777777,FAILED: 10040
2026-06-03T16:54:19.826121,BUY,EURUSD,1.162,2.5,777777,FAILED: 10040
2026-06-03T16:54:19.933122,SELL,EURUSD,1.16198,2.5,777777,FAILED: 10040
2026-06-03T16:54:20.039122,BUY,EURUSD,1.162,2.5,777777,FAILED: 10040
2026-06-03T16:54:20.156123,SELL,EURUSD,1.16198,2.5,777777,FAILED: 10040
2026-06-03T16:54:20.261123,BUY,EURUSD,1.162,2.5,777777,FAILED: 10040
2026-06-03T16:54:20.370123,SELL,EURUSD,1.162,2.5,777777,FAILED: 10040
2026-06-03T16:54:20.480124,BUY,EURUSD,1.16202,2.5,777777,FAILED: 10040
2026-06-03T16:54:20.589124,SELL,EURUSD,1.162,2.5,777777,FAILED: 10040
2026-06-03T16:54:20.737125,BUY,EURUSD,1.16204,2.5,777777,FAILED: 10040
2026-06-03T16:54:20.845125,SELL,EURUSD,1.16202,2.5,777777,FAILED: 10040
2026-06-03T16:54:20.950125,BUY,EURUSD,1.16204,2.5,777777,FAILED: 10040
2026-06-03T16:54:21.057126,SELL,EURUSD,1.16202,2.5,777777,FAILED: 10040
2026-06-03T16:54:21.166126,BUY,EURUSD,1.16204,2.5,777777,FAILED: 10040
2026-06-03T16:54:21.272127,SELL,EURUSD,1.16202,2.5,777777,FAILED: 10040
2026-06-03T16:54:21.382127,BUY,EURUSD,1.16204,2.5,777777,FAILED: 10040
2026-06-03T16:54:21.490127,SELL,EURUSD,1.16202,2.5,777777,FAILED: 10040
2026-06-03T16:54:21.597128,BUY,EURUSD,1.16204,2.5,777777,FAILED: 10040
2026-06-03T16:54:21.705128,SELL,EURUSD,1.16202,2.5,777777,FAILED: 10040
2026-06-03T16:54:21.841129,BUY,EURUSD,1.16204,2.5,777777,FAILED: 10040
2026-06-03T16:54:21.949129,SELL,EURUSD,1.16202,2.5,777777,FAILED: 10040
2026-06-03T16:54:22.057129,BUY,EURUSD,1.16204,2.5,777777,FAILED: 10040
2026-06-03T16:54:22.165130,SELL,EURUSD,1.16202,2.5,777777,FAILED: 10040
2026-06-03T16:54:22.274130,BUY,EURUSD,1.16204,2.5,777777,FAILED: 10040
2026-06-03T16:54:22.382131,SELL,EURUSD,1.16202,2.5,777777,FAILED: 10040
2026-06-03T16:54:22.489131,BUY,EURUSD,1.16204,2.5,777777,FAILED: 10040
2026-06-03T16:54:22.602131,SELL,EURUSD,1.16202,2.5,777777,FAILED: 10040
2026-06-03T16:54:22.718132,BUY,EURUSD,1.16204,2.5,777777,FAILED: 10040
2026-06-03T16:54:22.831132,SELL,EURUSD,1.16202,2.5,777777,FAILED: 10040
2026-06-03T16:54:22.942133,BUY,EURUSD,1.16204,2.5,777777,FAILED: 10040
2026-06-03T16:54:23.049133,SELL,EURUSD,1.16202,2.5,777777,FAILED: 10040
2026-06-03T16:54:23.159133,BUY,EURUSD,1.16204,2.5,777777,FAILED: 10040
2026-06-03T16:54:23.269134,SELL,EURUSD,1.16202,2.5,777777,FAILED: 10040
2026-06-03T16:54:23.377134,BUY,EURUSD,1.16204,2.5,777777,FAILED: 10040
2026-06-03T16:54:23.486135,SELL,EURUSD,1.16202,2.5,777777,FAILED: 10040
2026-06-03T16:54:23.594135,BUY,EURUSD,1.16204,2.5,777777,FAILED: 10040
2026-06-03T16:54:23.704135,SELL,EURUSD,1.16202,2.5,777777,FAILED: 10040
2026-06-03T16:54:23.812136,BUY,EURUSD,1.16204,2.5,777777,FAILED: 10040
2026-06-03T16:54:23.920136,SELL,EURUSD,1.16202,2.5,777777,FAILED: 10040
2026-06-03T16:54:24.075137,BUY,EURUSD,1.16204,2.5,777777,FAILED: 10040
2026-06-03T16:54:24.201137,SELL,EURUSD,1.16202,2.5,777777,FAILED: 10040
2026-06-03T16:54:24.311137,BUY,EURUSD,1.16204,2.5,777777,FAILED: 10040
2026-06-03T16:54:24.455138,SELL,EURUSD,1.16202,2.5,777777,FAILED: 10040
2026-06-03T16:54:24.567138,BUY,EURUSD,1.16204,2.5,777777,FAILED: 10040
2026-06-03T16:54:24.685139,SELL,EURUSD,1.16202,2.5,777777,FAILED: 10040
2026-06-03T16:54:24.800139,BUY,EURUSD,1.16204,2.5,777777,FAILED: 10040
2026-06-03T16:54:24.931140,SELL,EURUSD,1.16202,2.5,777777,FAILED: 10040
2026-06-03T16:54:25.056140,BUY,EURUSD,1.16204,2.5,777777,FAILED: 10040
2026-06-03T16:54:25.189141,SELL,EURUSD,1.16202,2.5,777777,FAILED: 10040
2026-06-03T16:54:25.303141,BUY,EURUSD,1.16204,2.5,777777,FAILED: 10040
2026-06-03T16:54:25.434141,SELL,EURUSD,1.16202,2.5,777777,FAILED: 10040
2026-06-03T16:54:25.553142,BUY,EURUSD,1.16204,2.5,777777,FAILED: 10040
2026-06-03T16:54:25.668142,SELL,EURUSD,1.16202,2.5,777777,FAILED: 10040
2026-06-03T16:54:25.776143,BUY,EURUSD,1.16204,2.5,777777,FAILED: 10040
2026-06-03T16:54:25.892143,SELL,EURUSD,1.16202,2.5,777777,FAILED: 10040
2026-06-03T16:54:26.021144,BUY,EURUSD,1.16204,2.5,777777,FAILED: 10040
2026-06-03T16:54:26.137144,SELL,EURUSD,1.16202,2.5,777777,FAILED: 10040
2026-06-03T16:54:26.265144,BUY,EURUSD,1.16204,2.5,777777,FAILED: 10040
2026-06-03T16:54:26.383145,SELL,EURUSD,1.16202,2.5,777777,FAILED: 10040
2026-06-03T16:54:26.504145,BUY,EURUSD,1.16204,2.5,777777,FAILED: 10040
2026-06-03T16:54:26.616146,SELL,EURUSD,1.16202,2.5,777777,FAILED: 10040
2026-06-03T16:54:26.739146,BUY,EURUSD,1.16204,2.5,777777,FAILED: 10040
2026-06-03T16:54:26.852146,SELL,EURUSD,1.16202,2.5,777777,FAILED: 10040
2026-06-03T16:54:26.962147,BUY,EURUSD,1.16204,2.5,777777,FAILED: 10040
2026-06-03T16:54:27.079147,SELL,EURUSD,1.16202,2.5,777777,FAILED: 10040
2026-06-03T16:54:27.197148,BUY,EURUSD,1.16204,2.5,777777,FAILED: 10040
2026-06-03T16:54:27.327148,SELL,EURUSD,1.16202,2.5,777777,FAILED: 10040
2026-06-03T16:54:27.435149,BUY,EURUSD,1.16204,2.5,777777,FAILED: 10040
2026-06-03T16:54:27.552149,SELL,EURUSD,1.16202,2.5,777777,FAILED: 10040
2026-06-03T16:54:27.671149,BUY,EURUSD,1.16204,2.5,777777,FAILED: 10040
2026-06-03T16:54:27.788150,SELL,EURUSD,1.16202,2.5,777777,FAILED: 10040
2026-06-03T16:54:27.903150,BUY,EURUSD,1.16204,2.5,777777,FAILED: 10040
2026-06-03T16:54:28.021151,SELL,EURUSD,1.16202,2.5,777777,FAILED: 10040
2026-06-03T16:54:28.172151,BUY,EURUSD,1.16204,2.5,777777,FAILED: 10040
2026-06-03T16:54:28.295152,SELL,EURUSD,1.16202,2.5,777777,FAILED: 10040
2026-06-03T16:54:28.422152,BUY,EURUSD,1.16204,2.5,777777,FAILED: 10040
2026-06-03T16:54:28.547152,SELL,EURUSD,1.16202,2.5,777777,FAILED: 10040
2026-06-03T16:54:28.690153,BUY,EURUSD,1.16204,2.5,777777,FAILED: 10040
2026-06-03T16:54:28.805153,SELL,EURUSD,1.16202,2.5,777777,FAILED: 10040
2026-06-03T16:54:28.918154,BUY,EURUSD,1.16204,2.5,777777,FAILED: 10040
2026-06-03T16:54:29.028154,SELL,EURUSD,1.16202,2.5,777777,FAILED: 10040
2026-06-03T16:54:29.141154,BUY,EURUSD,1.16204,2.5,777777,FAILED: 10040
2026-06-03T16:54:29.260155,SELL,EURUSD,1.16202,2.5,777777,FAILED: 10040
2026-06-03T16:54:29.384155,BUY,EURUSD,1.16204,2.5,777777,FAILED: 10040
2026-06-03T16:54:29.492156,SELL,EURUSD,1.16202,2.5,777777,FAILED: 10040
2026-06-03T16:54:29.601156,BUY,EURUSD,1.16204,2.5,777777,FAILED: 10040
2026-06-03T16:54:29.781157,SELL,EURUSD,1.16202,2.5,777777,FAILED: 10040
2026-06-03T16:54:29.943157,BUY,EURUSD,1.16204,2.5,777777,FAILED: 10040
2026-06-03T16:54:30.060158,SELL,EURUSD,1.16202,2.5,777777,FAILED: 10040
2026-06-03T16:54:30.166158,BUY,EURUSD,1.16204,2.5,777777,FAILED: 10040
2026-06-03T16:54:30.275158,SELL,EURUSD,1.16202,2.5,777777,FAILED: 10040
2026-06-03T16:54:30.385159,BUY,EURUSD,1.16204,2.5,777777,FAILED: 10040
2026-06-03T16:54:30.492159,SELL,EURUSD,1.16202,2.5,777777,FAILED: 10040
2026-06-03T16:54:30.607160,BUY,EURUSD,1.16204,2.5,777777,FAILED: 10040
2026-06-03T16:54:30.719160,SELL,EURUSD,1.16202,2.5,777777,FAILED: 10040
2026-06-03T16:54:30.922161,BUY,EURUSD,1.16204,2.5,777777,FAILED: 10040
2026-06-03T16:54:31.039161,SELL,EURUSD,1.16202,2.5,777777,FAILED: 10040
2026-06-03T16:54:31.147161,BUY,EURUSD,1.16204,2.5,777777,FAILED: 10040
2026-06-03T16:54:31.259162,SELL,EURUSD,1.16202,2.5,777777,FAILED: 10040
2026-06-03T16:54:31.367162,BUY,EURUSD,1.16204,2.5,777777,FAILED: 10040
2026-06-03T16:54:31.482163,SELL,EURUSD,1.16202,2.5,777777,FAILED: 10040
2026-06-03T16:54:31.609163,BUY,EURUSD,1.16204,2.5,777777,FAILED: 10040
2026-06-03T16:54:31.742163,SELL,EURUSD,1.16202,2.5,777777,FAILED: 10040
2026-06-03T16:54:31.851164,BUY,EURUSD,1.16204,2.5,777777,FAILED: 10040
2026-06-03T16:54:31.961164,SELL,EURUSD,1.16202,2.5,777777,FAILED: 10040
2026-06-03T16:54:32.081165,BUY,EURUSD,1.16204,2.5,777777,FAILED: 10040
2026-06-03T16:54:32.189165,SELL,EURUSD,1.16202,2.5,777777,FAILED: 10040
2026-06-03T16:54:32.303165,BUY,EURUSD,1.16204,2.5,777777,FAILED: 10040
2026-06-03T16:54:32.452166,SELL,EURUSD,1.16202,2.5,777777,FAILED: 10040
2026-06-03T16:54:32.561166,BUY,EURUSD,1.16204,2.5,777777,FAILED: 10040
2026-06-03T16:54:32.668167,SELL,EURUSD,1.16202,2.5,777777,FAILED: 10040
2026-06-03T16:54:32.778167,BUY,EURUSD,1.16204,2.5,777777,FAILED: 10040
2026-06-03T16:54:32.894167,SELL,EURUSD,1.16202,2.5,777777,FAILED: 10040
2026-06-03T16:54:33.005168,BUY,EURUSD,1.16204,2.5,777777,FAILED: 10040
2026-06-03T16:54:33.223168,SELL,EURUSD,1.16202,2.5,777777,FAILED: 10040
2026-06-03T16:54:33.328169,BUY,EURUSD,1.16204,2.5,777777,FAILED: 10040
2026-06-03T16:54:33.437169,SELL,EURUSD,1.16202,2.5,777777,FAILED: 10040
2026-06-03T16:54:33.549170,BUY,EURUSD,1.16204,2.5,777777,FAILED: 10040
2026-06-03T16:54:33.676170,SELL,EURUSD,1.16202,2.5,777777,FAILED: 10040
2026-06-03T16:54:33.790170,BUY,EURUSD,1.16204,2.5,777777,FAILED: 10040
2026-06-03T16:54:33.921171,SELL,EURUSD,1.16202,2.5,777777,FAILED: 10040
2026-06-03T16:54:34.028171,BUY,EURUSD,1.16204,2.5,777777,FAILED: 10040
2026-06-03T16:54:34.137172,SELL,EURUSD,1.16202,2.5,777777,FAILED: 10040
2026-06-03T16:54:34.250172,BUY,EURUSD,1.16204,2.5,777777,FAILED: 10040
2026-06-03T16:54:34.360172,SELL,EURUSD,1.16202,2.5,777777,FAILED: 10040
2026-06-03T16:54:34.473173,BUY,EURUSD,1.16204,2.5,777777,FAILED: 10040
2026-06-03T16:54:34.651173,SELL,EURUSD,1.16202,2.5,777777,FAILED: 10040
2026-06-03T16:54:43.384202,BUY,EURUSD,1.16201,2.5,777777,FAILED: 10030
2026-06-03T16:54:43.494202,SELL,EURUSD,1.16199,2.5,777777,FAILED: 10030
2026-06-03T16:54:43.609203,BUY,EURUSD,1.16201,2.5,777777,FAILED: 10030
2026-06-03T16:54:43.725203,SELL,EURUSD,1.16199,2.5,777777,FAILED: 10030
2026-06-03T16:54:43.835204,BUY,EURUSD,1.16201,2.5,777777,FAILED: 10030
2026-06-03T16:54:43.946204,SELL,EURUSD,1.16199,2.5,777777,FAILED: 10030
2026-06-03T16:54:44.053204,BUY,EURUSD,1.16201,2.5,777777,FAILED: 10030
2026-06-03T16:54:44.162205,SELL,EURUSD,1.16199,2.5,777777,FAILED: 10030
2026-06-03T16:54:44.273205,BUY,EURUSD,1.16201,2.5,777777,FAILED: 10030
2026-06-03T16:54:44.386205,SELL,EURUSD,1.16199,2.5,777777,FAILED: 10030
2026-06-03T16:54:44.499206,BUY,EURUSD,1.16201,2.5,777777,FAILED: 10030
2026-06-03T16:54:44.607206,SELL,EURUSD,1.16199,2.5,777777,FAILED: 10030
2026-06-03T16:54:44.720206,BUY,EURUSD,1.162,2.5,777777,FAILED: 10030
2026-06-03T16:54:44.833207,SELL,EURUSD,1.16199,2.5,777777,FAILED: 10030
2026-06-03T16:54:44.940207,BUY,EURUSD,1.16201,2.5,777777,FAILED: 10030
2026-06-03T16:54:45.044207,SELL,EURUSD,1.16199,2.5,777777,FAILED: 10030
2026-06-03T16:54:45.157208,BUY,EURUSD,1.16201,2.5,777777,FAILED: 10030
2026-06-03T16:54:45.278208,SELL,EURUSD,1.16199,2.5,777777,FAILED: 10030
2026-06-03T16:54:45.384208,BUY,EURUSD,1.16201,2.5,777777,FAILED: 10030
2026-06-03T16:54:45.499209,SELL,EURUSD,1.16199,2.5,777777,FAILED: 10030
2026-06-03T16:54:45.619209,BUY,EURUSD,1.16201,2.5,777777,FAILED: 10030
2026-06-03T16:54:45.733210,SELL,EURUSD,1.16198,2.5,777777,FAILED: 10030
2026-06-03T16:54:45.848210,BUY,EURUSD,1.162,2.5,777777,FAILED: 10030
2026-06-03T16:54:45.954210,SELL,EURUSD,1.16198,2.5,777777,FAILED: 10030
2026-06-03T16:54:46.084211,BUY,EURUSD,1.162,2.5,777777,FAILED: 10030
2026-06-03T16:54:46.195211,SELL,EURUSD,1.16198,2.5,777777,FAILED: 10030
2026-06-03T16:54:46.311211,BUY,EURUSD,1.162,2.5,777777,FAILED: 10030
2026-06-03T16:54:46.421212,SELL,EURUSD,1.16198,2.5,777777,FAILED: 10030
2026-06-03T16:54:46.530212,BUY,EURUSD,1.162,2.5,777777,FAILED: 10030
2026-06-03T16:54:46.644212,SELL,EURUSD,1.16198,2.5,777777,FAILED: 10030
2026-06-03T16:54:46.754213,BUY,EURUSD,1.162,2.5,777777,FAILED: 10030
2026-06-03T16:54:46.869213,SELL,EURUSD,1.16198,2.5,777777,FAILED: 10030
2026-06-03T16:54:46.982214,BUY,EURUSD,1.162,2.5,777777,FAILED: 10030
2026-06-03T16:54:47.088214,SELL,EURUSD,1.16198,2.5,777777,FAILED: 10030
